3016 4580
323 211 390 316 28d
637 242 714 332 yd.
735 244 785 329 γέ
807 231 1055 331 τοιῇγῐοῦιν.
1089 291 1096 306 .

323 429 446 478 numero
462 415 518 477 lucc
533 405 620 476 modo
631 416 719 476 locuti
733 407 840 478 essent.
874 415 1014 478 Reddidit
1029 415 1109 495 Aug.
1123 407 1267 481 Meiuelua
1280 405 1372 482 etiarn

323 502 489 565 Menandro
503 523 534 577 p.
549 505 620 563 569.
644 497 759 584 Καὶνὴ
772 495 820 578 μὰ
833 496 903 584 Δία
915 523 977 582 γε..
994 501 1149 563 Praeterea
1159 505 1288 564 conferri
1298 527 1371 580 poa·

207 604 210 618 ·
324 596 391 646 suut
409 587 482 646 tales
502 588 569 662 loci,
593 585 688 662 qualis
707 585 832 646 lanciani
852 589 946 645 estin
964 589 1085 669 Dialoqc
1101 597 1275 649 cremnorum
1288 589 1370 653 XX.

322 673 351 744 t.
367 677 407 746 3.,
429 671 483 730 ubi
495 681 648 746 postquam
662 670 779 730 Aeacus
794 671 885 730 duit:
910 664 1033 735 Βούλει
1055 691 1110 735 σοι
1132 668 1372 748 iactatiactat

323 749 402 829 τοὺς
422 749 568 839 σοφούς,·
591 755 741 831 respoudit
761 754 939 829 Menippus:
965 751 1019 839 Νὴ
1042 751 1112 818 Δία
1133 777 1180 836 ys.
1222 756 1309 834 Quod
1326 761 1371 816 ita

323 837 431 898 dictum
452 847 497 900 ast
519 841 604 915 qnasi
625 836 663 924 ar)
685 838 754 903 Δία
775 847 852 900 ease't
876 839 1018 913 quaedam
1038 839 1212 901 adfirmandi
1232 843 1370 900 formula.

323 921 427 1004 ltaque
454 944 515 982 nou
542 925 627 984 aliter
648 925 700 983 illo
722 925 785 984 loeo
809 925 913 982 dicitur
933 918 971 1006 νὴ
992 917 1061 986 Δία
1081 944 1118 1004 γε
1141 933 1229 999 atque
1251 925 1316 985 aliis
1336 929 1370 986 iu

324 1007 410 1073 locis:
433 1003 529 1070 Πάνυ
550 1029 596 1090 γε,
617 1017 644 1068 et
666 1028 741 1084 qnae
763 1017 832 1067 sunt
851 1007 970 1068 similia.
1012 1006 1106 1067 Porro
1126 1007 1183 1067 huc
1203 1010 1272 1068 iacit
1293 1010 1370 1069 alius

324 1083 452 1150 Luciani
483 1091 564 1151 locus
594 1093 627 1150 dc
654 1097 834 1152 ntercenariia
865 1096 893 1163 §t
924 1095 975 1148 28.
1018 1086 1065 1154 Τὸ
1094 1087 1155 1170 μὲν
1185 1087 1249 1177 γὰρ
1280 1092 1369 1177 λιμῷ

300 1187 302 1195 ’
325 1169 462 1250 ξυνόντα
478 1171 540 1244 καὶ
562 1169 599 1258 νὴ
611 1169 679 1238 Δία
699 1195 736 1257 ys
759 1172 911 1258 διψῶντα
931 1167 1027 1258 μύρῳ
1047 1171 1205 1260 χρίεσθαι
1223 1172 1279 1240 καὶ
1296 1197 1370 1242 στε-

326 1259 521 1342 φανοῦσθαι
551 1259 610 1342 τήν
640 1255 788 1344 κεφαλὴν
817 1251 899 1334 aci„
931 1259 981 1319 nbi
1011 1254 1068 1320 καὶ
1097 1254 1134 1340 νὴ
1157 1255 1227 1323 Δία
1253 1281 1290 1342 γε
1320 1257 1368 1322 δι-

324 1341 444 1422 ψῶντα
475 1339 601 1417 denique
627 1341 703 1402 nihil
731 1340 810 1401 aliud
838 1351 883 1401 eat
915 1344 1001 1400 niaix·
1022 1338 1078 1404 καὶ
1100 1333 1239 1424 ἀληθῶς
1259 1365 1296 1426 ys
1318 1341 1370 1406 dt·-

324 1425 453 1506 ψῶντα.
495 1425 588 1486 Recte
608 1429 697 1502 igitur
716 1424 754 1485 G.
771 1425 945 1486 Dindurliua
966 1424 1092 1486 reddidit
1113 1423 1169 1489 καὶ
1189 1423 1226 1511 νὴ
1242 1421 1311 1490 Δία
1331 1447 1369 1508 ys

325 1513 412 1568 etiam
441 1506 687 1570 Demosthenieae
716 1513 858 1585 orationi,
892 1531 967 1584 quae
998 1520 1042 1569 eat
1069 1506 1154 1590 περῖ
1175 1505 1359 1586 συντάξεως

323 1596 351 1666 §.
377 1599 426 1652 16.
450 1592 496 1655 ed.
522 1593 620 1654 Beki.
645 1618 675 1671 p.
702 1599 772 1654 170.
793 1595 840 1654 ed.
862 1591 967 1653 Reisk.
1003 1589 1072 1656 liat
1097 1593 1135 1700 aa}
1163 1589 1232 1657 Alc
1257 1615 1311 1675 γε,
1341 1615 1368 1656 ω

288 1687 291 1693 “
325 1667 443 1760 ἄνδρες
467 1670 662 1762 Ἀθηναῖοι,
692 1675 802 1762 ἕτεροί
827 1699 863 1758 γε
891 1671 983 1757 λόγοι
1006 1671 1258 1764 παρερρυήκασι
1280 1673 1369 1757 πρὸς

324 1753 410 1838 ὑμᾶς
433 1759 570 1842 ψευδεῖς
592 1753 667 1833 aad..
691 1781 730 1821 ex
751 1763 825 1821 libro
842 1759 976 1820 Parisino
990 1763 1118 1834 'optumo
1131 1761 1179 1831 Σ,
1202 1762 1278 1834 quod
1292 1771 1368 1819 recta

324 1844 444 1920 legitur,
458 1847 521 1904 sive
533 1853 633 1920 postea
645 1842 681 1926 γὲ
695 1863 759 1904 oum
774 1847 872 1919 paucis
884 1845 1056 1918 quibusdam
1066 1845 1150 1904 libris
1162 1845 1240 1902 tollis
1251 1848 1314 1904 sisa
1325 1845 1369 1903 ibi

326 1947 444 2001 quoque
464 1929 618 2006 relinquis.
663 1925 750 1987 Gaul.
771 1947 845 2003 quoa
863 1929 970 1987 multos
991 1929 1069 1989 locos
1082 1931 1225 2005 congessit
1240 1927 1277 1988 G.
1292 1927 1369 1986 Din-

325 2011 435 2070 doriius
457 2011 478 2070 l.
501 2011 521 2070 Ι.
543 2035 572 2087 p.
593 2013 664 2070 tas.
685 2011 726 2070 A.
770 2009 820 2070 Ac
841 2015 865 2070 si
888 2023 1019 2070 accurata
1043 2013 1079 2072 de
1101 2013 1224 2073 historia
1240 2011 1369 2072 Graecae

325 2095 541 2154 consuetudinis
562 2104 738 2171 statuemus,
763 2098 805 2156 sic
826 2093 992 2156 habendum
1013 2100 1085 2156 erite
1111 2099 1229 2172 antiquo
1251 2095 1370 2170 quidem

226 2241 228 2248 .
325 2191 466 2256 tempore,
488 2199 577 2255 quom
594 2179 734 2255 particula
754 2177 790 2262 γὲ
810 2201 870 2239 nou
888 2189 987 2255 posset
1007 2180 1205 2240 iuriiurando
1225 2179 1290 2239 addi
1311 2183 1369 2240 nisi

324 2268 376 2338 ita,
399 2273 512 2322 utnon
534 2273 589 2322 tam
611 2267 657 2323 ius
676 2264 828 2324 iurandum
850 2268 955 2339 ipsum,
978 2265 1029 2324 aed
1049 2265 1271 2340 adiirnratioea,
1294 2283 1369 2338 quaa

325 2355 514 2420 quaereretur
534 2351 597 2406 iura
618 2349 752 2424 iurando,
774 2351 878 2424 respici
899 2347 1056 2425 videretur,
1077 2371 1140 2409 earn
1161 2347 1222 2408 nod
1242 2348 1369 2408 additam
1395 2419 1398 2428 1

324 2433 419 2491 uideri
442 2434 502 2491 nisi
522 2434 555 2492 in
577 2450 710 2510 sermone
732 2453 777 2508 eo,
800 2436 852 2507 qui
868 2435 944 2493 vitae
957 2435 1118 2494 cotidianae
1131 2432 1369 2493 cousuetudinem

324 2521 566 2590 repraesentaret.
610 2517 711 2593 ltaque
735 2515 952 2594 Aristophanes
974 2523 1120 2594 ceterique
1140 2527 1244 2593 poetae
1267 2519 1370 2577 comici

324 2598 479 2676 aliquoties
506 2603 548 2662 ita
573 2601 662 2662 locuti
688 2617 768 2677 sunt,
796 2624 884 2679 quom
911 2608 1000 2663 ceteri
1027 2604 1089 2662 fere
1111 2604 1266 2677 scriptores
1287 2622 1369 2659 aecu-

212 2691 216 2702 '
323 2689 433 2745 ratiore
461 2686 579 2761 quidem
601 2687 715 2746 dicendi
737 2707 846 2764 genere
868 2683 904 2770 ys*
925 2687 961 2746 ad
982 2696 1088 2747 certam
1109 2687 1254 2763 quandam
1274 2687 1370 2743 notio-

323 2788 391 2830 nem
414 2771 626 2831 adfirmationis
645 2787 752 2830 uocare
776 2771 913 2830 solerent.
956 2769 1063 2829 Postea
1085 2779 1191 2845 autem,
1214 2772 1262 2828 ubi
1283 2770 1369 2828 fami-

324 2854 407 2914 liaria
437 2863 467 2914 at
496 2855 641 2912 cotidiana
669 2852 810 2925 loquendi
831 2849 1007 2910 consuetudo
1030 2856 1155 2913 etiamn
1177 2857 1278 2913 ceteris
1300 2856 1370 2911 scri-

324 2937 456 3012 ptoribus
478 2945 597 3008 recepta
615 2943 669 3008 est,
694 2954 753 2992 non
774 2936 834 2992 iam
856 2937 1011 3010 quisquam
1025 2938 1162 2997 abstinuit
1175 2958 1213 2996 ua
1228 2939 1263 2996 ab
1276 2937 1370 2994 altera

219 3067 222 3080 .
325 3019 446 3093 quidem
471 3020 627 3078 verborum
654 3017 860 3095 collocatione,
888 3023 1004 3095 quoties
1030 3020 1104 3080 illud
1130 3018 1166 3102 γὲ
1193 3020 1229 3077 ad
1253 3038 1370 3078 omnem

326 3102 571 3178 affirmationem,
594 3121 670 3176 quae
691 3101 875 3170 induceretur
894 3107 960 3164 iure
979 3104 1114 3178 iurando,
1135 3111 1266 3178 apaetara
1288 3103 1370 3163 ride-

213 3187 217 3190 ”
324 3195 422 3246 retur:
450 3193 549 3261 itaque
578 3187 717 3246 dixemut
744 3186 794 3268 μὰ
817 3183 875 3251 τὸν
904 3181 974 3250 Δία
1001 3207 1051 3268 ye,
1080 3180 1136 3248 καὶ
1163 3179 1201 3270 νὴ
1228 3178 1295 3249 Δία
1322 3207 1369 3266 γε,
1419 3189 1423 3198 ’

325 3270 427 3356 eodem
449 3292 568 3345 prorsus
587 3272 761 3348 modo‚¹quo
783 3264 872 3334 πάνυ
893 3291 937 3352 γε,
961 3265 1017 3333 καὶ
1038 3261 1177 3354 ἀληθῶς
1197 3291 1233 3352 ya
1250 3280 1369 3348 atquae

327 3361 394 3412 aunt
415 3355 532 3412 similia.
920 3409 922 3416 .

252 3433 259 3440 ’
335 3453 343 3472 ·’
410 3435 462 3495 Ad
490 3437 731 3498 exclamationem
758 3440 886 3514 pertinet
911 3437 998 3497 etiam
1020 3433 1190 3497 hortatio
1215 3445 1243 3496 et
1264 3443 1369 3510 opta·
1395 3435 1403 3460 ‘

326 3523 398 3596 tio,
422 3519 585 3593 dequibus
609 3523 749 3579 orationis
770 3523 890 3594 formis,
921 3524 975 3581 etsi
990 3541 1034 3581 ‘ea
1060 3543 1178 3598 quoque
1200 3522 1369 3581 condicione

239 3627 247 3646 ·
325 3603 362 3690 γὲ
385 3595 527 3681 particula
551 3604 661 3662 nullam
683 3606 770 3663 aliam
792 3607 851 3665 vim
869 3604 955 3664 habet
976 3609 1034 3666 uisi
1056 3627 1129 3683 eam,
1149 3615 1181 3664 ut
1202 3613 1284 3666 acuat
1305 3623 1368 3662 eam

325 3711 443 3766 uocem,
467 3689 612 3764 adquam
638 3686 748 3748 adiecta
770 3690 897 3766 legitur,
922 3698 1018 3752 tamen
1040 3704 1195 3767 propterea
1218 3687 1370 3748 dicendum

325 3775 374 3835 laic
394 3785 438 3834 est
459 3775 625 3850 separatim,
650 3775 728 3849 quod
748 3775 892 3834 formulae
912 3777 1055 3850 quaedam
1074 3776 1187 3836 dicendi
1206 3771 1276 3832 bino
1296 3791 1369 3846 quo·
1421 3848 1426 3856 ⁵
1494 3843 1495 3858 χ

327 3881 385 3934 que
409 3867 511 3919 enatae
534 3868 613 3935 aunt,
634 3860 738 3933 quibus
759 3857 864 3919 Graeci
886 3863 928 3918 ita
949 3864 996 3920 usi
1017 3872 1095 3932 suut,
1118 3861 1201 3916 utin
1222 3858 1370 3932 plerisque
1494 3915 1495 3922 .

253 3983 260 3989 -
325 3944 398 4002 locis
429 3965 489 4002 uon
517 3943 605 4002 facile
635 3965 775 4020 agnoscas
805 3947 932 4020 primam
961 3965 994 4002 ac
1020 3941 1183 4002 naturalem
1210 3939 1382 4014 particulae·
1494 3943 1495 4006 l

327 4029 396 4083 vim.
440 4023 559 4086 Etenim
586 4029 613 4087 si
641 4029 735 4100 dicas:
767 4020 843 4091 edred
864 4049 917 4106 γε,
949 4029 1068 4103 propria
1090 4023 1166 4083 nihil
1186 4022 1267 4082 aliud
1287 4023 1370 4098 dicia,
1494 4025 1495 4028 ’

328 4109 387 4166 nisi
408 4109 486 4180 quod
507 4105 745 4170 Latini'dicnnte
770 4112 815 4170 dic
836 4120 920 4192 certe,
947 4129 1018 4168 nos:
1040 4112 1116 4186 Seps
1135 4111 1316 4185 weaiqatcna,
1331 4105 1370 4164 ‘nt
