3006 4570
270 213 418 312 „aso
686 249 725 280 -.
842 211 903 305 oq.

355 383 482 474 δήπου,
512 385 566 448 sed
594 383 716 448 labaret
751 389 836 447 etiam
863 387 1007 465 quandam
1038 391 1123 464 qussi
1154 391 1297 467 ironiam,
1331 413 1402 453 non

354 482 432 534 recte
455 471 585 531 iecerunt
607 474 782 532 recentiores
803 471 967 548 sophistae,
994 475 1071 548 qaod
1095 477 1179 535 toties
1202 477 1233 534 in
1256 473 1401 536 adfirma-

354 558 434 636 tione
453 565 614 630 posuerunt
633 554 708 614 lianc
727 577 845 631 vocem,
866 579 939 631 quoa
954 569 1139 634 proptereua
1166 557 1297 618 Larciaao
1312 559 1398 620 ‹leri-

353 648 487 698 ros'esse
514 648 591 698 recte
614 637 764 699 adnotavit
785 640 822 698 L.
845 639 1016 700 Dindorlius
1036 642 1066 698 in
1089 639 1129 698 H.
1153 640 1298 716 Stephani
1316 645 1400 704 'lite-

353 741 442 783 rctrro
470 725 521 781 cr.
548 724 616 798 linp.
646 724 706 782 rol.
735 721 775 782 ll.
806 745 833 799 p.
865 730 956 783 1041.
979 722 1035 797 l).,
1063 725 1132 783 vida
1152 721 1278 785 Luciaui
1300 729 1399 786 lau-i-

353 807 442 884 pltun.
464 809 493 878 9.
515 813 566 864 21.
586 817 614 864 et
633 808 737 866 elector.
758 818 964 884 praeceptorma
985 812 1014 881 5.
1038 811 1087 866 18.
1130 807 1215 888 Quae
1236 829 1325 884 quom
1352 814 1398 869 ita

352 891 431 966 aiut,
458 890 517 948 iam
542 888 596 950 hoc
616 889 684 950 licet
705 890 877 950 contendere
896 894 938 950 ita
961 889 1079 950 differre
1101 887 1274 974 δήπουθεν
1295 911 1313 950 s
1333 887 1397 976 δή·
1491 937 1492 970 ,

351 993 431 1048 που,
459 992 547 1049 quem
572 973 609 1033 ad
635 974 752 1034 modurn
778 973 883 1057 δῆθεν
909 995 927 1031 a
948 969 988 1054 (ir)
1014 973 1119 1034 distare
1144 973 1294 1050 rideatur,
1329 979 1396 1038 uiri
1491 979 1492 996 ¹

351 1056 431 1132 qnod
450 1057 483 1115 ia
505 1077 541 1116 ea
562 1056 680 1130 quidem
701 1058 842 1132 particula
865 1057 1000 1116 diuturno
1025 1077 1079 1116 usu
1099 1060 1191 1134 magis
1211 1059 1281 1134 itla,
1302 1080 1394 1134 quam
1491 1105 1492 1132 ,

352 1139 434 1214 ttxt,
454 1141 548 1198 ironia
567 1148 684 1200 exstare
697 1141 827 1214 ridetur,
848 1161 906 1214 qua
927 1139 964 1200 da
984 1161 1017 1200 ro
1035 1141 1221 1202 conteruntur
1241 1159 1294 1219 ea,
1313 1163 1395 1219 quae
1491 1141 1492 1148 '

351 1222 432 1282 iutra
453 1221 490 1280 da
512 1224 655 1296 particula
676 1221 780 1308 δῆθεν
803 1223 945 1282 dicentur.

435 1301 576 1380 Sequitur
603 1316 635 1364 ut
662 1305 788 1366 dicamus
817 1305 853 1365 de
881 1305 1031 1382 particulis
1061 1297 1100 1389 δὴ
1123 1327 1195 1382 τοι,
1231 1319 1304 1382 quar
1330 1329 1394 1367 nou
1491 1349 1492 1382 ,

352 1387 449 1449 solutu
470 1390 508 1447 ab
529 1391 620 1464 apicio
639 1393 750 1464 poetis,
776 1410 877 1449 rernm
898 1393 984 1448 etiam
1010 1391 1047 1448 alt
1069 1391 1178 1449 Atticis
1199 1393 1393 1465 scriptoribus

351 1469 432 1532 ltaud
454 1491 520 1532 raro
548 1476 714 1532 coniunctas
736 1493 802 1534 esse
823 1474 964 1533 videmus.
1006 1471 1083 1534 Nam
1104 1474 1182 1548 quod
1204 1471 1393 1552 Hartungtns

352 1555 374 1615 l.
397 1556 497 1615 leot.
517 1553 558 1632 ll.
587 1579 615 1632 p.
638 1563 710 1616 ³63.
738 1560 780 1616 rit
807 1560 838 1616 in
863 1559 1028 1616 Atticorum
1055 1560 1169 1632 scriptis
1190 1559 1227 1616 ab
1251 1557 1298 1618 tria
1323 1578 1392 1634 par·

353 1639 450 1700 ticulis
475 1660 511 1699 eo
533 1643 628 1717 magis
650 1640 809 1700 carendum
830 1660 910 1712 esse,
940 1639 1018 1715 qnod
1038 1640 1193 1714 aliquoties
1213 1661 1278 1698 cum
1299 1643 1392 1715 parti·

351 1723 426 1796 culis
453 1715 494 1806 δὴ
516 1743 549 1784 τι
571 1734 668 1783 essem
691 1725 848 1797 contusae,
876 1725 907 1783 id
929 1743 1053 1799 quorsus
1077 1725 1236 1796 pertineret
1259 1727 1319 1782 iana
1339 1745 1393 1784 au·

351 1825 406 1880 pra
427 1805 553 1863 vidimus
580 1827 610 1880 p.
634 1810 696 1864 422
711 1827 756 1881 sq.
807 1805 868 1867 Sed
897 1809 977 1881 prins
1000 1825 1088 1881 qaam
1109 1805 1146 1866 de
1166 1808 1231 1866 istis
1255 1807 1325 1866 locis
1345 1811 1392 1866 vi-

256 1897 259 1906 '
351 1886 486 1962 dumus,
514 1888 688 1962 explicanda
713 1892 780 1964 ipsa
809 1891 854 1950 ris
877 1891 1058 1948 catillarum
1081 1890 1296 1964 particularum.
1340 1889 1392 1950 Ac

351 1969 389 2029 da
415 1964 457 2054 dr}
479 1969 605 2030 dubitari
626 1990 686 2030 nou
715 1982 828 2048 potest,
857 1968 909 2034 τοὶ
929 1983 1024 2032 autem
1045 1975 1104 2032 iam
1128 1974 1283 2047 aliquoties
1313 1973 1390 2050 dixi,

350 2052 542 2113 derivandum
569 2054 664 2114 rideri
725 2058 898 2131 pronomina
919 2056 1072 2115 indefinito
1096 2051 1161 2131 τίς,
1185 2065 1214 2114 ut
1228 2055 1277 2130 id,
1298 2077 1391 2130 quom

350 2157 406 2214 pro
434 2136 532 2198 dstiro
563 2133 610 2222 τῲ
642 2143 768 2214 positum
796 2161 862 2200 esse
891 2149 1030 2215 appareat
1050 2135 1121 2213 vni,
1148 2139 1224 2196 nihil
1248 2139 1390 2210 aliudai-

350 2219 471 2296 ‘silicet
491 2225 548 2283 uisi
569 2225 664 2300 aliquo
685 2227 779 2300 ntcdo,
803 2245 842 2282 ex
867 2245 924 2297 qua
947 2241 1016 2282 roce
1038 2222 1177 2297 quemad
1198 2223 1314 2281 modum
1335 2243 1390 2285 ua·

350 2316 481 2366 rceretnr
498 2306 677 2365 adseveratio
700 2308 814 2382 aliqua,
841 2307 872 2366 id
894 2309 991 2382 ipsum
1013 2325 1073 2364 uon
1096 2305 1186 2366 semel
1211 2307 1389 2384 significari,

350 2387 443 2448 veluti
465 2390 497 2447 in
518 2392 667 2464 partientis
689 2383 774 2453 ἀλλὰ
793 2386 905 2466 μέντοι
927 2412 956 2466 p.
979 2396 1030 2449 60.
1052 2393 1084 2447 tn
1108 2381 1196 2456 ἄλλά,
1216 2411 1268 2452 τοι
1285 2411 1317 2465 p.
1335 2397 1385 2451 68.
1448 2433 1455 2442 .

351 2469 524 2548 Significant
555 2475 645 2548 igitur
675 2474 833 2550 particulae
860 2466 899 2558 tiri
928 2494 980 2535 τοι
1009 2477 1068 2530 torm
1099 2473 1195 2548 aliquo
1222 2474 1323 2547 nimio,
1355 2486 1390 2534 ut

349 2553 423 2614 lracc
441 2557 551 2614 ultuma
571 2577 651 2631 vox,
672 2578 727 2635 quo
748 2557 831 2616 attorlo
853 2557 964 2630 aliquid
987 2559 1040 2630 sit,
1067 2557 1207 2614 incertum
1229 2555 1388 2631 relinquat,
1413 2625 1416 2628 ,

350 2639 485 2700 adtirruet
513 2649 610 2699 tamen
638 2641 674 2700 dc
704 2659 768 2715 co,
789 2641 865 2714 quod
896 2637 998 2699 revers
1026 2659 1091 2698 ease
1117 2638 1266 2711 rideatur,
1301 2643 1388 2713 quusi

331 2721 459 2783 'Latine
480 2721 571 2782 dicass
594 2728 652 2782 ἰαηι
671 2743 749 2798 sntio,
775 2729 832 2782 tum
854 2723 990 2800 profecto.
1033 2720 1077 2779 Eu
1099 2732 1194 2780 antem
1215 2724 1311 2781 minus
1333 2721 1388 2780 du-

350 2807 437 2866 bitari
452 2815 547 2881 potest
564 2803 600 2864 de
621 2804 723 2864 harnam
737 2800 940 2880 particularum
955 2807 1182 2880 consociatione,
1205 2802 1282 2878 qnod
1298 2825 1389 2880 crepe

350 2891 436 2948 etiam
458 2907 620 2962 pronomen
637 2883 715 2962 ῒίς,
747 2887 823 2946 uude
845 2883 896 2949 τοὶ
919 2889 1063 2961 originem
1085 2887 1190 2961 habet,
1220 2887 1389 2947 adiunctum

349 2979 396 3030 snt
417 2966 457 3053 riq
481 2971 637 3045 particulae
664 2971 741 3044 apud
761 2973 915 3047 scriptores
938 2969 1075 3046 Atticos,
1106 2991 1163 3045 qua
1188 2970 1224 3028 de
1249 2991 1281 3030 re
1300 2970 1388 3030 ruodo

350 3054 530 3128 explicatum
547 3063 603 3113 cst.
646 3050 721 3114 Loci
742 3065 836 3114 nutem
862 3056 1037 3116 satis‘multi
1054 3055 1161 3113 adferri
1184 3064 1312 3129 possunt,
1333 3057 1387 3129 qui

350 3133 429 3196 hunc
449 3157 548 3196 earam
570 3139 772 3213 particularum
793 3161 877 3199 nsum
898 3141 1042 3199 evincant.
1086 3136 1189 3196 Dicam
1211 3140 1334 3214 primum
1350 3121 1388 3196 de

280 3253 282 3257 ·
349 3221 406 3296 ils,
432 3241 507 3295 quos
536 3225 623 3282 etiam
643 3220 839 3298 Hartnngins,
866 3225 912 3280 cni
939 3224 1033 3281 nescio
1056 3241 1114 3294 quo
1136 3221 1221 3280 ruodo
1244 3241 1296 3279 eae
1320 3241 1388 3294 pam

349 3305 455 3363 ticniae
478 3315 630 3381 suspectae
657 3315 742 3381 sunt,
769 3316 861 3366 certos
885 3325 949 3364 essa
976 3307 1182 3381 pronuntiavit.
1224 3300 1303 3368 Nam
1327 3325 1388 3362 nou

349 3388 445 3448 solum
476 3389 510 3445 iu
542 3387 672 3448 l’latouis
699 3393 858 3464 Proaqorn
886 3386 963 3448 l'urt.
990 3388 1014 3448 l.
1043 3389 1102 3447 vol.
1124 3386 1149 3445 l.
1177 3409 1207 3461 p.
1239 3389 1307 3444 15⁴.
1338 3385 1388 3444 ed.
1491 3439 1492 3442 ,

349 3467 450 3532 Ball.
471 3491 502 3542 p.
526 3475 597 3529 ³11.
619 3469 655 3528 E.
678 3471 722 3529 ed.
745 3469 786 3528 ll.
807 3470 988 3544 Steph.,'ubi
1012 3481 1165 3545 postquam
1183 3469 1319 3530 Socrates
1340 3467 1387 3527 di·

350 3552 413 3613 xita
450 3547 492 3614 Ti
511 3553 663 3614 τοιοῦτον
684 3548 763 3634 περὶ
780 3547 1007 3636 Πρωταγόρου
1026 3545 1190 3636 ἠκούομεν
1197 3577 1207 3628 ,·
1231 3549 1389 3627 respondet

350 3633 559 3716 Hippocrates:
583 3629 751 3719 Σοφισεὴν
773 3627 813 3718 ‹tq'
834 3643 887 3696 uu
908 3627 1109 3712 ὀνομάζουσι’
1129 3655 1179 3714 γε,
1202 3625 1229 3697 ὦ
1249 3629 1389 3719 Σώκραψ
1411 3655 1418 3668 ·
1491 3659 1492 3718 ᾗ

351 3737 422 3794 τες,
453 3713 511 3778 τὸν
540 3707 647 3798 dodoci
673 3706 784 3790 elnon,
813 3715 864 3776 sed
891 3719 978 3776 etiam
1006 3722 1038 3778 in
1060 3716 1241 3794 Thucydidis
1270 3717 1321 3776 tin
1345 3713 1387 3776 ll.
1491 3725 1492 3790 i

351 3822 416 3878 cap.
452 3805 503 3860 41.
530 3783 683 3860 ‘concessit
716 3798 900 3876 Hartuugius
931 3809 1007 3862 recte
1042 3795 1085 3886 δή
1126 3821 1179 3864 rot
1211 3799 1284 3875 dici,
1327 3819 1388 3877 qoo
1491 3845 1492 3884 ,

171 3897 331 3964 Airoetatm
350 3887 384 3946 ta
404 3885 468 3945 loco
488 3882 671 3962 Thucydidis
693 3883 766 3946 haec
794 3885 941 3962 leguntnrz
971 3883 1070 3952 Μετὰ
1087 3879 1238 3966 μεγάλων
1264 3881 1304 3966 δὴ
1328 3903 1389 3966 cq—
1491 3893 1492 3952 t

171 3977 324 4038 mmm·
351 3959 454 4046 μείων
476 3963 531 4030 aci
559 3960 600 4032 ori
627 3962 667 4052 δή
690 3989 743 4031 τοι
764 3961 954 4052 ἆμάριυρόν
975 3989 1010 4049 ys
1031 3965 1088 4050 ripn
1109 3961 1246 4042 δύναμιν
1275 3985 1389 4047 παρα·
1491 3977 1492 4048 t

352 4041 508 4128 σχόμενοι
524 4051 597 4126 τοῖς
612 4071 647 4115 rr
674 4051 730 4115 νῦν
752 4046 901 4128 καὶτοῖς
924 4045 1041 4118 ἔπειτα
1062 4041 1389 4128 θαυμασθησόμεθα
1491 4083 1492 4148 q
