3016 4580
660 233 752 328 ydp·
1161 246 1228 316 260

178 409 251 478 irena
281 433 358 489 quae
385 412 505 486 ponitur
535 411 695 472 enuntiatio
722 407 790 472 ideo
818 409 1006 490 adfirmetnr,
1032 423 1063 474 ut
1089 427 1227 494 appareat

178 523 230 562 our
255 497 361 559 Oenoe
383 498 493 556 uenerit
518 494 730 572 Hippocrates,
758 497 897 572 particula
919 493 971 562 noi
994 509 1090 560 autem
1111 503 1154 560 ita
1174 503 1225 561 nd·

178 587 276 660 posita
306 590 369 656 eet,
401 583 445 639 nti
471 601 526 656 per
552 601 615 640 eam
639 581 809 656 particulam
832 582 934 642 endem
956 586 1115 644 enuntiatio
1136 588 1225 646 etiem

178 673 318 728 uniuersa
339 665 541 740 adseveretur,
565 685 626 722 nou
646 663 745 724 habita
766 668 828 724 eins
848 667 908 741 rei,
929 687 1004 741 quae
1025 668 1110 729 ruodo
1132 669 1226 730 decla·

169 760 243 812 'rata
273 758 335 826 eet,
366 751 488 808 ratione.
530 746 634 824 ltaque
661 750 782 824 proprie
809 751 873 808 istie
897 752 994 812 verbis
1020 750 1077 812 hoo
1103 751 1225 812 dicituro

181 840 263 895 Deuca
289 855 319 893 eu
347 853 411 894 soor
436 837 492 892 uuir
518 833 671 908 oilardiupe
697 832 850 908 (leildnfip
874 838 995 911 panope)
1021 841 1096 894 urcio
1121 842 1225 896 Diencr

181 923 300 994 Satyros
327 917 485 990 entluuscu,
513 923 579 974 autc
609 919 691 974 lieno
717 936 747 974 ee
773 936 836 974 soor
856 922 912 976 uuir
939 919 1089 994 (baildnfip
1109 925 1225 998 percpi)

178 1010 210 1063 in
240 1005 289 1066 der
317 1002 393 1059 litut
418 1005 493 1058 mein
519 1003 622 1078 Dieuer
643 1001 763 1072 Satyros
788 1008 983 1077 cutsprnupeu.
1026 1001 1085 1062 llis
1112 1024 1167 1080 ego
1192 1007 1225 1064 iu

177 1089 277 1147 verbis
300 1083 533 1144 Germaniciani
557 1084 719 1156 interposui
739 1101 857 1141 uocem:
889 1083 1020 1162 lnldrrtip
1045 1097 1156 1164 peropt,
1189 1107 1225 1148 ea

178 1171 297 1246 quideur
327 1167 392 1243 ipre
420 1187 480 1226 nou
504 1168 684 1242 continetur,
714 1173 746 1225 ut
769 1169 865 1241 quiris
887 1167 972 1228 facile
993 1171 1163 1247 intelleget,
1191 1175 1224 1232 in

178 1255 300 1314 Graecis
329 1243 443 1326 verbis,
481 1250 532 1310 sed
558 1269 613 1310 noe
642 1258 739 1309 tamen
768 1251 947 1328 singularem
975 1255 1034 1312 rim
1064 1255 1224 1330 particulae

177 1336 230 1400 τοὶ
252 1340 306 1397 rix
326 1354 478 1412 possumus
500 1333 585 1394 aliter
604 1335 801 1410 interpretari,
822 1355 878 1410 qua
900 1355 949 1396 rea
966 1338 1101 1398 universa
1116 1343 1224 1400 omissa

176 1424 236 1481 iem
264 1422 380 1495 relique
408 1420 628 1478 ratiocinatione
657 1415 825 1478 adfirmetur
848 1422 966 1479 omnino
988 1423 1029 1481 ite
1052 1443 1083 1481 se
1105 1421 1222 1484 habere.

142 1561 146 1566 .
178 1505 313 1586 Quodsi
338 1509 388 1562 aut
413 1501 471 1561 elio
492 1502 578 1561 modo
601 1505 751 1562 iumentis
773 1506 919 1582 cognitum
944 1525 1008 1564 esee
1031 1503 1146 1567 Socrati
1167 1529 1222 1584 pn·

177 1591 272 1648 tasset'
288 1587 492 1663 Hippocrates,
514 1585 655 1662 Satyrum
676 1587 834 1662 aufugisse,
854 1597 903 1645 aut
923 1597 1000 1648 certe
1020 1609 1080 1648 rem
1102 1597 1228 1652 omnino·

178 1672 348 1732 adseverari
368 1671 524 1744 noluieeet,
548 1673 607 1730 nisi
628 1673 680 1744 ita,
702 1673 771 1744 quia
793 1673 955 1746 pertinebat
977 1672 1013 1732 ad
1035 1694 1109 1750 earn,
1134 1697 1222 1750 quom

177 1757 355 1828 instituerat,
374 1756 593 1830 prosectionem,
613 1754 721 1813 diceret
738 1754 790 1812 ille
811 1755 998 1829 simpliciter:
1021 1748 1120 1842 ὁγὰρ
1139 1763 1223 1835 παῖς

177 1860 221 1919 με
243 1833 261 1902 ὁ
282 1832 429 1922 Σάτυρος
451 1829 593 1922 ἀπέδρα.
637 1835 724 1897 Nunc
746 1846 840 1896 antem
862 1841 945 1913 qnasi
966 1859 1038 1918 rem,
1061 1863 1135 1916 quae
1157 1847 1221 1919 ipsa

178 1944 296 1998 qnoque
326 1944 386 1981 uon
413 1922 506 1980 solum
535 1920 698 1982 conclusiva
722 1921 774 1979 ille
794 1921 1011 1998 adfirmatione,
1045 1947 1132 1999 quam
1155 1949 1222 2002 par·

177 2009 262 2067 tiouie
290 2001 351 2090 peip
378 2005 518 2064 declarari
547 2005 691 2080 uidimus,
719 2004 771 2064 aed
793 2009 911 2066 omniuo
933 2009 1152 2070 adseveratione
1176 2015 1222 2071 in·

177 2091 305 2168 digeret,
332 2092 432 2168 fugam
460 2086 564 2166 Satyri
592 2091 721 2165 rettulit,
751 2090 874 2165 ideoque
898 2112 1011 2151 summo
1033 2095 1096 2154 iure
1119 2095 1222 2156 adiecit

175 2177 346 2251 particulam
366 2169 430 2248 eoi,
452 2193 527 2249 quae
549 2176 714 2233 uniuersam
736 2175 880 2247 quandem
896 2173 1129 2237 adfirmationem
1144 2183 1221 2238 eius·

176 2259 243 2318 dem
274 2262 318 2318 rei
350 2259 520 2324 contineret.
568 2256 636 2337 Quo
671 2257 775 2317 melina
806 2257 862 2318 hoo
896 2258 1052 2319 discrimen
1087 2263 1221 2338 intellegi

176 2351 272 2418 queat,
294 2353 360 2402 utar
381 2339 505 2417 quodam
529 2339 680 2416 Euripidis
705 2343 769 2400 looo
791 2361 830 2402 ex
850 2345 912 2403 eius
934 2345 1043 2404 lleleuu
1058 2366 1087 2404 u.
1101 2353 1152 2407 93.
1173 2349 1219 2408 ed.

175 2425 290 2503 Herm,
310 2429 361 2484 nbi
382 2433 538 2501 postquam
552 2423 666 2484 Teucer
686 2426 862 2503 significavit
884 2447 918 2489 ee
939 2447 956 2486 a
978 2429 1041 2488 filio
1059 2451 1111 2490 sno
1123 2435 1220 2510 petria

176 2511 294 2588 pulsum
318 2511 464 2587 exsulare,
487 2509 554 2568 dicit
574 2507 707 2570 Helena:

347 2639 394 2694 Ἐκ
413 2641 476 2724 τοῖο,Ι
494 2637 524 2694 rd
543 2633 598 2712 γάρ
616 2659 656 2695 ror
671 2641 790 2714 πρᾶγμα
809 2641 962 2716 συμφορὰν
979 2643 1045 2714 ἔχει.

175 2783 234 2840 quo
255 2765 289 2822 in
311 2764 375 2823 loco
396 2765 423 2823 si
445 2761 587 2828 dixissetr
617 2757 654 2824 τὸ
684 2757 747 2846 γὰρ
768 2763 909 2849 πρᾶγμα
929 2759 1106 2849 συμφορὰν
1128 2755 1217 2845 iicet„

173 2856 277 2923 poaeet
297 2847 333 2908 de
352 2868 412 2906 nne
429 2845 534 2906 Teucri
555 2847 626 2923 suga
647 2849 779 2923 cogitari,
802 2868 880 2906 nuno
899 2867 946 2908 ree
966 2851 1060 2926 magis
1079 2853 1218 2913 univerae

127 2968 133 2978 ·
174 2933 372 3008 significatur,
400 2938 432 2990 ut
455 2929 511 2990 hoc
535 2929 709 2992 declareturr
738 2938 791 2992 liet
811 2937 885 2993 enirn
906 2937 1019 2994 omniuo
1040 2954 1074 2993 en
1093 2955 1139 2994 res
1159 2941 1217 2996 mi-

172 3035 247 3075 eara.
290 3015 402 3076 Eadem
426 3015 470 3073 ris
490 3017 693 3089 particularum
712 3010 843 3102 γάρτοι
862 3020 1018 3094 autetiam,
1041 3041 1217 3096 quemquam

172 3099 274 3174 paullo
300 3101 401 3174 aliter,
429 3101 583 3174 conspicua
608 3101 641 3156 in
660 3101 789 3160 Pisandro
812 3099 941 3161 Platonis
962 3101 1042 3162 Part.
1064 3102 1087 3162 l.
1109 3105 1168 3168 rol.
1190 3102 1215 3166 l.

172 3204 203 3258 p.
230 3187 261 3246 4.
290 3185 336 3245 ed.
367 3182 465 3244 Beki.
494 3205 524 3259 p.
554 3187 626 3242 223.
656 3181 701 3241 ed.
726 3180 767 3242 H.
792 3181 915 3260 stapla,
944 3188 994 3244 ubi
1020 3185 1172 3248 Phaedrae
1198 3209 1217 3248 a

173 3263 294 3326 Socrate
316 3269 352 3328 de
374 3267 480 3328 scholia
501 3265 615 3344 Lysiae
635 3269 827 3344 inteirogetus
847 3266 920 3328 lnaec
943 3269 1028 3328 dicit:
1052 3265 1121 3334 lsai
1140 3264 1216 3357 μήν,

176 3339 202 3410 ὦ
230 3344 419 3434 Σώκρατες,
451 3345 669 3435 προσήκουσά
701 3347 738 3432 γέ
764 3371 819 3414 σοι
845 3341 865 3436 ἡ
895 3339 991 3436 dauri.
1022 3345 1041 3416 ὁ
1071 3346 1134 3440 γάρ
1162 3378 1216 3420 τοι

173 3425 271 3514 λόγος
292 3427 338 3507 riv,
361 3430 441 3518 περὶ
460 3424 500 3498 ὃν
521 3429 736 3520 διετρίβομεν,
760 3425 821 3498 οὐκ
842 3423 910 3498 οἶδ’
932 3430 971 3498 ὃν
992 3457 1065 3502 τινα
1080 3432 1216 3522 πρόπον

174 3481 331 3600 ἓρωτικῦς
359 3513 442 3595 aad,
477 3541 534 3596 quo
561 3521 593 3578 in
621 3519 685 3578 loco
712 3520 777 3594 ipeo
801 3541 917 3596 quoque
938 3523 1020 3596 prior
1041 3523 1215 3601 adfirmatio,

171 3619 247 3676 qnae
276 3606 373 3677 posite
400 3612 444 3662 eet
473 3603 505 3661 in
536 3603 673 3677 particula
702 3597 780 3687 γάρ,
811 3607 853 3664 ita
874 3607 1036 3680 reparanda
1059 3615 1101 3665 est
1122 3609 1157 3666 ab
1179 3627 1215 3666 ee

110 3739 112 3744 .
171 3683 403 3761 adseveratione,
424 3707 510 3762 quem
532 3685 666 3762 adiungit
687 3682 740 3749 τοὶ
756 3688 906 3765 particula,
928 3697 959 3746 nt
974 3689 1026 3747 illa
1047 3693 1129 3763 prior
1147 3709 1214 3764 per·
1242 3710 1252 3723 ¹

127 3768 260 3842 ·,tineat
289 3769 326 3830 ed
348 3774 443 3846 ipsam
464 3772 730 3844 ratiocinationem,
761 3769 833 3830 haec
855 3780 951 3830 autern
974 3774 1119 3846 posterior
1138 3771 1216 3831 nihil
1285 3831 1288 3840 ,

169 3861 280 3928 spectet
310 3857 367 3914 nisi
398 3854 567 3913 universam
597 3871 743 3930 caussam,
780 3856 863 3928 quasi
890 3851 1002 3914 Graeca
1027 3855 1080 3912 illa
1107 3857 1235 3915 rerbcr'

169 3927 188 4000 ὁ
218 3931 281 4023 γάρ
310 3957 364 4002 τοι
393 3930 491 4018 λόγος
518 3924 559 4019 ἦν
587 3967 624 3982 ·-·
655 3927 715 3998 uix
740 3923 806 3998 οἷδ’
831 3931 962 3999 ὅντινα
983 3929 1110 4019 τρόπον
1131 3933 1214 4021 ἔρω-

168 4013 275 4096 τικός,
298 4019 475 4082 Germaniae
495 4022 536 4078 ite
556 4016 731 4078 reddiderint
762 4023 842 4078 Dono
863 4019 907 4080 dic
921 4019 997 4078 Reda
1009 4039 1071 4080 taur
1083 4025 1113 4081 in
1129 4024 1213 4084 uilem

169 4107 273 4164 limate
293 4140 329 4152 -
351 4107 499 4166 tolumnius
519 4103 596 4164 niclrt
615 4107 669 4164 wic
687 4101 835 4165 nerlieltcu
848 4103 978 4178 lnlrulta,
1000 4126 1058 4182 qun
1071 4127 1109 4167 ex
1122 4111 1212 4170 inter·
