3012 4580
447 288 513 374 γέ,
546 288 713 372 pisos,
746 289 865 374 γοῦν.
1118 293 1207 358 323·

132 458 279 548 ἐχθροὺς
299 458 353 524 δεῖ
372 451 543 541 βλάπτειν,
567 477 626 535 qno
649 443 753 541 minus
770 457 920 518 sileretur
942 457 1013 520 lasea
1034 479 1094 520 una
1119 482 1183 523 essa

132 550 293 628 sententia,
321 555 420 603 tamen
441 544 526 604 oredo
548 553 659 604 cataros
680 547 795 604 criticos
816 547 875 620 ita,
898 565 985 618 quem
1009 544 1044 603 acl
1067 546 1183 606 modum

132 655 187 692 nos
217 632 367 708 posuimus
395 631 606 704 rerba„reote
630 627 766 700 edidisse.
809 626 853 688 lta
877 632 960 703 prior
981 631 1123 704 particule
1145 631 1183 690 arl

135 713 192 778 καὶ
213 708 301 778 πάνυ
324 715 451 788 pertinet
474 721 502 771 et
523 711 559 772 de
581 714 716 771 universa
737 733 769 771 rs
788 710 957 788 adseverat,
985 714 1075 773 altera
1098 715 1183 774 effert

136 799 296 882 sipgularia
318 795 406 855 haec:
429 791 516 884 τοὺς
527 787 695 878 πονηρούς
715 817 751 858 τε
775 791 831 858 καὶ
853 791 1006 881 ἐχθρούς.
1043 795 1090 856 ct.
1105 802 1182 858 eius·

138 883 205 942 alem
236 883 339 956 scripti
370 881 423 938 lib.
452 875 520 938 lll.'
541 875 570 955 p.
602 885 672 938 113.
706 879 750 940 etl.
778 877 878 942 Bella.
908 902 936 955 p.
966 885 1036 939 389.
1066 879 1104 940 l).
1134 883 1180 942 ed.

137 966 179 1026 Η.
201 963 302 1039 Steph.
330 956 406 1026 Ἐάν
427 984 477 1042 γε,
500 951 520 1046 ἦ
545 955 575 1025 δ’
600 958 654 1038 ὅς,
677 957 736 1026 ἐπί
756 984 793 1043 γε
814 957 902 1046 λόγῳ
926 953 1006 1045 ἔργα
1027 963 1183 1050 seiriaco,

136 1053 187 1110 ubi
216 1052 299 1124 prius
329 1044 366 1129 γὲ
388 1047 587 1106 condicionem
610 1067 644 1106 ec
668 1067 726 1121 quo
748 1067 834 1120 supra
849 1045 1065 1107 'declaravimus
1087 1049 1183 1124 modo,

137 1134 258 1193 alterum
288 1152 390 1191 rocem
417 1126 475 1193 ἐπὶ
504 1124 592 1210 λόγω
621 1129 716 1189 effert.
766 1129 848 1188 ldem
877 1133 1111 1195 existumandum
1139 1139 1184 1194 eat

137 1219 174 1277 de
200 1215 412 1290 Xenophontis
438 1214 501 1272 loco
524 1215 698 1292 Discipliuoe
721 1213 787 1286 cprt
812 1215 864 1272 lib.
886 1211 927 1272 ll.
956 1236 1019 1290 cap.
1042 1224 1071 1275 2.
1101 1221 1128 1288 §.
1153 1224 1183 1275 3.

136 1295 203 1363 Μὰ
224 1291 295 1372 At’,
326 1292 407 1384 ἔφη,
438 1294 541 1358 τῶνδε
569 1295 630 1376 μὲν
658 1289 754 1360 οὐδὲν
781 1291 854 1359 ἴσον
878 1290 980 1374 ἐστίν,
1009 1291 1095 1382 εἴγε
1118 1291 1181 1384 ἀφ’

136 1377 232 1468 ἡμῶν
258 1403 294 1464 pa
322 1381 388 1444 τῶν
416 1373 451 1443 ἓν
476 1376 568 1464 μέσῳ
591 1371 700 1456 οὐδεὶς
722 1371 884 1444 οὐδέποτε
906 1373 1067 1465 ἅρξεται.,
1098 1405 1184 1459 quem

137 1467 175 1526 ed
204 1467 322 1526 modum
349 1465 427 1524 lrunc
452 1464 546 1522 locum
570 1463 713 1524 Ernestus
734 1461 838 1540 Poppo
865 1468 1012 1524 constituit
1038 1483 1076 1526 ex
1100 1467 1185 1529 libris

138 1549 239 1610 Guall'.
258 1548 354 1610 Paris.
379 1547 420 1608 A.
434 1547 471 1606 Β.
496 1546 610 1607 Altorl'.
651 1547 700 1607 De
726 1547 827 1608 eodem
847 1547 1057 1624 Xenophontis
1077 1555 1186 1627 scripto

138 1636 177 1694 cl.
206 1636 259 1693 lib.
281 1633 322 1694 ll.
348 1654 411 1709 cap.
440 1638 470 1691 3.
500 1636 528 1705 §.
559 1637 610 1690 24.
649 1626 714 1694 Μὰ
745 1623 815 1705 At’,
849 1623 915 1714 ἔφη
946 1625 964 1693 ὁ
998 1631 1185 1741 ταξίαρχος,

139 1711 241 1819 μήτοι
263 1739 298 1817 pa
321 1713 353 1780 ἒν
373 1717 437 1802 μιᾷ
458 1735 494 1794 γε
515 1707 634 1800 ἡμέρᾳ.
659 1721 688 1773 et
709 1714 760 1772 lib.
775 1709 832 1774 lV.
855 1735 917 1792 cap.
934 1721 962 1774 3.
983 1721 1011 1790 t.
1029 1722 1077 1776 14.
1116 1717 1185 1802 'Oya

139 1815 206 1886 μην
225 1792 370 1880 pulsaret
390 1821 426 1882 pe
449 1793 488 1861 cliv
508 1819 559 1873 τις
581 1794 752 1883 φοβηθείη
775 1793 840 1860 uri.

226 1881 382 1943 Dillicilior
406 1885 537 1957 quaestio
564 1890 608 1941 est
631 1903 685 1940 uec
708 1903 743 1941 ea
768 1885 838 1942 satis
859 1881 952 1941 adhuc
978 1883 1105 1944 adactis
1132 1878 1184 1945 exss
1202 1901 1365 1949 nacoliam-

140 1968 246 2045 plicata
274 1970 310 2027 de
337 1968 524 2027 collocatione
545 1967 705 2040 particulae
726 1962 781 2047 γέ,
812 1967 847 2026 tle
872 1989 929 2042 qua
952 1967 1010 2026 iam
1033 1969 1186 2028 dicendum
1202 1969 1365 2030 timemi-

140 2052 266 2112 'videtum
308 2049 346 2109 Et
366 2055 492 2128 primum
512 2051 630 2124 quidem
652 2059 753 2108 notum
775 2059 830 2128 est,
851 2062 882 2108 ut
904 2059 1012 2110 ceteras
1032 2057 1185 2128 particulas
1219 2035 1349 2102 ⁰⁸¹⁸⁰yi⁸

140 2138 304 2210 'encliticas'‚
326 2138 368 2195 s'ic
389 2139 476 2194 etiam
498 2135 668 2210 particulam
694 2130 730 2216 γὲ
751 2137 778 2193 ei
800 2137 882 2209 roci,
905 2138 985 2194 errius
1007 2135 1066 2194 rim
1088 2149 1186 2214 auget,

140 2220 371 2296 postponendam
396 2239 467 2278 esse.
510 2217 575 2278 Nec
600 2219 631 2276 id
656 2217 752 2278 solum
773 2217 810 2275 ad
831 2220 993 2293 simplicem
1016 2221 1186 2294 particulam

141 2309 284 2380 pertinet,
310 2323 412 2364 rerum
436 2306 542 2378 etiam,
565 2301 711 2377 quemad
734 2301 849 2360 modum
870 2301 955 2361 morlo
979 2304 1121 2380 vidimus,
1150 2305 1187 2364 ad

141 2393 303 2463 repetitam.
347 2387 423 2447 Nam
445 2390 477 2446 in
502 2408 537 2445 eo
559 2387 633 2463 loco,
657 2405 745 2462 quem
767 2407 856 2462 supra
878 2390 1030 2470 posuimus
1051 2409 1092 2449 ex
1114 2387 1186 2450 Ari-

141 2472 294 2549 stophanis
314 2473 489 2530 Aclturuoua.
512 2491 540 2533 r.
563 2476 620 2540 93.
665 2523 668 2526 .
782 2527 788 2534 ,

719 2545 863 2616 Ἐκκόψειέ
878 2568 911 2618 γε

330 2613 429 2690 Κόραξ
446 2611 568 2677 πατάξας
586 2610 681 2685 τόνγε
700 2615 750 2671 σὸν
768 2621 815 2672 τοῦ
833 2623 992 2688 aspicieus„

143 2742 203 2792 non
225 2734 288 2790 siue
309 2753 409 2790 caussa
430 2733 555 2807 primum
578 2729 718 2804 particula
741 2724 778 2809 γὲ
798 2735 864 2802 post
887 2721 1061 2810 ἕκκόψειε,
1084 2729 1189 2790 deinde

144 2816 181 2876 ad
212 2818 302 2874 acrba
331 2809 393 2882 τὸν,
416 2809 475 2876 σὸν
503 2813 562 2876 τοῦ
592 2801 765 2898 πρέσβεως
792 2813 886 2887 posita
918 2821 970 2870 cst.
1023 2811 1082 2873 llis
1109 2817 1188 2872 enim

144 2901 334 2976 potissumum
358 2900 470 2970 verbis,
494 2907 524 2956 ul
546 2895 691 2972 vidimus,
712 2895 877 2962 debelaim
898 2894 1013 2956 addere.
1056 2895 1095 2956 Et
1118 2896 1190 2956 haec

144 2982 262 3058 quidem
286 2979 331 3040 re's
352 2983 548 3056 explicatione
569 3002 627 3038 uon
646 2989 722 3055 eget.
764 2977 880 3038 Deinde
896 2980 1036 3054 particula
1050 2977 1085 3058 γὲ
1100 2984 1190 3040 etiam
1214 2985 1217 2994 '

113 3141 118 3150 Ι
145 3069 277 3142 pluribus
300 3069 413 3140 verbis,
441 3083 516 3138 quea
541 3084 628 3122 unam
650 3066 736 3140 quasi
756 3085 858 3123 vocem
880 3063 1019 3140 efficiant,
1048 3067 1089 3122 ita
1110 3076 1190 3140 post·

144 3153 275 3225 ponitur,
297 3159 327 3208 ut
351 3151 387 3208 ad
409 3149 522 3206 nullum
543 3150 615 3206 eius
630 3150 709 3206 vocis
731 3150 851 3206 verbnm
873 3148 1022 3222 singulare
1043 3152 1192 3222 pertinere

145 3234 288 3293 rideatur.
332 3231 423 3294 cutm
452 3235 496 3292 rei
523 3229 705 3307 Hartungius
730 3231 752 3290 l.
779 3228 800 3288 l.
829 3230 887 3288 vol.
915 3228 940 3288 l.
967 3251 999 3305 p.
1020 3234 1095 3294 414.
1120 3231 1192 3292 hasa

131 3321 244 3393 ¹posuit
265 3317 404 3392 exempla
422 3315 636 3391 Aristophanis
656 3315 731 3372 rtur.
757 3333 785 3372 r.
808 3319 860 3370 21.

297 3436 337 3492 Οὐ
354 3434 407 3514 γάρ
423 3457 460 3524 pe
479 3433 620 3506 τυπτήσεις
637 3437 822 3506 στέφανον
840 3430 966 3507 ἔχοντά
985 3453 1050 3505 pe,

147 3555 261 3626 quoin
282 3571 370 3612 versu
394 3552 536 3628 particula
557 3545 593 3632 pe*
615 3553 657 3609 ita
679 3551 809 3624 pertinet
831 3547 867 3608 ad
889 3551 1088 3624 participium,
1117 3546 1195 3623 quoi

147 3638 274 3711 excipit,
303 3645 334 3694 ut
362 3637 393 3695 id
422 3647 518 3694 tamen
543 3633 678 3710 intellegi
704 3654 765 3692 uon
787 3636 900 3708 possit,
928 3635 985 3692 nisi
1008 3635 1104 3705 aptius
1125 3651 1194 3688 con-

149 3722 341 3796 iungas'cum
362 3739 417 3792 eo,
448 3717 525 3793 quod
545 3717 710 3792 praecedit,
740 3720 858 3774 nomine
880 3699 1053 3796 στέφανόν.
1097 3711 1194 3794 Quam

147 3806 185 3863 ab
208 3824 271 3862 ram
294 3821 409 3862 omnam
433 3799 562 3875 denique
585 3800 660 3858 lanc
684 3819 782 3858 vocem
805 3793 970 3880 στέφανον
992 3787 1106 3870 {possa
1127 3811 1195 3868 par-

148 3887 236 3945 ticula
263 3883 300 3968 γὲ
328 3875 443 3945 videtur
468 3884 582 3942 efferre.
625 3881 763 3940 Praetsra
784 3883 883 3954 posuit
903 3875 1089 3950 Hartuugius
1109 3875 1196 3934 Euri-

148 3971 225 4048 pirlis
247 3971 419 4048 lplipeutoa
441 3986 513 4047 qaue
534 3973 575 4024 ast
595 3965 707 4034 Atride,
729 3983 759 4022 v.
779 3967 842 4033 716
864 3978 911 4034 sq.

259 4085 293 4143 ’Ὁ
317 4109 337 4144 ω
371 4089 403 4144 δὲ
423 4083 476 4143 σὺν
492 4079 634 4156 Κάλχαντι
652 4083 689 4154 τῷ
705 4075 838 4152 θυηπόλῳ

264 4111 313 4212 εἴ
322 4159 382 4226 τῆς
398 4159 490 4213 θεοῦ
508 4157 619 4228 φίλον
635 4151 679 4222 γ’.
700 4149 810 4224 ἓμοΜΓ
831 4147 882 4206 οὐκ
898 4145 1007 4280 ulpprc
1023 4147 1086 4216 mi,
1184 4161 1190 4171 ’

455 4281 460 4298 t
