2980 4574
595 669 599 678 =
696 633 955 697 CAPUT
1020 633 1187 695 lllllf.

557 816 610 885 Dc
638 817 832 908 particula
859 815 931 900 μὲν
955 827 992 883 et
1016 821 1257 906 compositis.
1281 796 1294 806 ’

255 1045 331 1095 Men.
470 1035 547 1104 Mdv
579 1037 764 1115 particulam,
797 1047 830 1096 ut
860 1041 1023 1115 grauiorem
1054 1040 1178 1100 formam
1208 1033 1291 1126 μήν.
1327 1065 1428 1119 perse

387 1147 445 1182 nou
479 1123 588 1184 habere
617 1126 674 1182 nisi
703 1126 762 1182 uim
789 1121 1061 1183 adfirmativam
1083 1127 1141 1182 iam
1161 1144 1249 1200 cupra
1271 1127 1428 1204 aliquoties

386 1207 631 1284 significavimus,
659 1209 704 1266 uti
723 1209 757 1266 in
778 1198 864 1269 ἀλλὰ
884 1203 944 1283 μὲν
972 1209 1118 1282 particulis
1141 1229 1168 1282 p.
1192 1211 1234 1268 56
1255 1231 1304 1284 eq.
1347 1211 1432 1272 llnnr

386 1295 449 1352 vim
479 1294 506 1351 ei
538 1289 701 1352 obtinemus
732 1294 763 1349 in
795 1292 919 1366 aiugulia
940 1291 1013 1351 locia
1038 1291 1233 1368 explicandis,
1264 1298 1322 1354 vix
1346 1301 1430 1370 qnid-

348 1417 354 1432 .
381 1397 473 1451 qnam
501 1381 610 1449 poterit
636 1378 790 1434 &acorum
819 1395 892 1434 esse.
936 1373 1012 1433 Nam
1040 1378 1277 1450 quotiescumque
1301 1375 1366 1452 μὲν
1395 1381 1430 1438 ad

386 1460 563 1534 ain'gularem
585 1462 731 1518 notionem
753 1458 876 1532 accedit,
903 1460 949 1518 eni
975 1461 1128 1518 aubiicitnr
1148 1479 1279 1535 semper,
1303 1481 1372 1520 cum
1396 1464 1431 1524 de

385 1565 420 1603 ea
447 1547 567 1604 notione
582 1547 626 1604 in
654 1544 794 1602 maiorem
816 1542 934 1600 modurn
955 1540 1124 1618 adseverat,
1150 1544 1256 1602 indicat
1280 1546 1430 1618 quandam

386 1629 470 1703 quasi
499 1628 619 1688 alteriue
642 1629 687 1686 rei
714 1620 959 1699 comparationem
982 1627 1158 1701 exspectari.
1199 1624 1319 1688 Etenim
1342 1633 1370 1688 ei
1396 1631 1432 1690 dc

384 1711 528 1786 singulari
553 1733 588 1770 re
621 1713 654 1770 in
688 1710 828 1768 maiorem
851 1709 968 1768 modum
988 1710 1129 1790 addeum,
1160 1714 1326 1792 necessario
1348 1719 1430 1790 cogi·

291 1855 297 1860 ,
385 1795 471 1853 tonde
503 1795 563 1853 ulia
595 1815 642 1852 ner
674 1804 735 1868 eat,
771 1793 808 1851 de
836 1813 895 1866 que
922 1792 1000 1852 idenn
1027 1793 1102 1852 illud
1126 1796 1223 1854 minue
1244 1796 1427 1858 adlirnratnr.

383 1873 486 1951 ltaque
512 1885 588 1935 recta
616 1877 711 1934 docuit
738 1873 775 1934 G.
798 1874 984 1935 Hermanuue
1013 1877 1050 1934 ad
1082 1879 1214 1953 Vipeniec
1242 1899 1274 1954 p.
1295 1885 1359 1940 ⁸24
1379 1901 1427 1956 aq.

384 1961 430 2018 ed.
452 1969 535 2033 tert,
559 1961 587 2018 ei
601 1959 735 2020 dicerene
755 1955 801 2019 Σὺ
822 1956 883 2036 μὲν
904 1953 989 2044 φής,
1011 1963 1176 2036 exspectari
1196 1965 1426 2042 opponitioncnq

383 2043 492 2104 velutie
518 2037 582 2122 ἐγὼ
604 2034 635 2104 d'
662 2032 715 2115 οὖ,
736 2051 784 2100 eut
805 2042 903 2102 simile
926 2047 1088 2118 quippiam.

467 2124 527 2185 Sed
557 2136 653 2185 tamen
678 2145 795 2188 neceme
824 2146 882 2185 non
906 2136 951 2185 est
970 2130 1056 2186 iatam
1077 2129 1288 2202 oppositionem
1310 2149 1425 2206 semper

383 2212 447 2285 ipeo
476 2211 566 2270 verbo
598 2209 752 2284 indicatam
785 2230 866 2270 creet
905 2229 994 2285 caepe
1023 2214 1101 2270 eninr
1132 2214 1217 2272 tacita
1248 2217 1424 2294 cpgitetinne

340 2357 345 2364 ι
382 2292 476 2369 istud,
509 2293 587 2368 qood
620 2307 801 2367 opponatur,
833 2293 1027 2367 supplendum
1061 2302 1122 2369 est,
1154 2316 1213 2352 nnn
1248 2297 1424 2356 declaratum

382 2375 491 2450 legitur
519 2381 550 2434 iu
574 2379 723 2452 scriptoris
745 2377 863 2452 verbia,
896 2379 978 2440 caina
999 2381 1040 2436 rei
1062 2379 1147 2452 plura
1166 2381 1305 2453 exemplu
1325 2386 1425 2457 posuit

342 2516 344 2523 ,
382 2458 528 2519 Devariua
559 2463 617 2519 vul.
639 2459 664 2519 l.
697 2481 725 2534 p.
752 2467 840 2536 122,
871 2463 923 2534 qui
955 2464 1075 2520 omnino
1102 2463 1268 2522 universam
1299 2467 1363 2524 rim
1394 2487 1425 2524 ac

382 2555 552 2618 potestatam
580 2546 644 2603 ciue
672 2545 830 2619 particulae
851 2553 929 2603 recte
949 2555 1038 2618 atque
1060 2545 1162 2604 urdine
1184 2545 1362 2624 explicavit,
1396 2561 1424 2606 nt

383 2631 519 2702 quoniam
547 2628 680 2704 ampula,
712 2648 787 2701 qnae
817 2628 853 2686 de
875 2630 998 2704 ringalie
1021 2628 1091 2690 loeir
1114 2633 1270 2704 separatim
1291 2637 1424 2708 praecipi

381 2713 494 2787 solent,
514 2713 542 2771 ai
563 2714 657 2786 ipsane
679 2709 886 2785 particularum
907 2723 1039 2771 naturum
1057 2733 1091 2772 ac
1109 2733 1207 2772 veram
1228 2717 1287 2773 rim
1309 2729 1424 2792 epecta-

379 2815 463 2871 mue,
490 2795 637 2854 edanum
661 2792 976 2873 eundemque-sontem
996 2796 1083 2856 facile
1101 2797 1281 2872 referantur,
1304 2799 1342 2859 tle
1364 2803 1423 2860 ein·

379 2879 458 2953 gulis
479 2880 619 2937 cretionis
637 2878 756 2950 fornia,
782 2897 860 2950 quae
880 2877 935 2938 hac
956 2881 1096 2954 particula
1119 2879 1301 2958 efficiuntur,
1323 2887 1423 2959 copio-

381 2965 442 3020 eiue
464 2969 532 3034 poet
552 2958 713 3020 Denarinm
732 2981 793 3018 noa
814 2961 948 3020 videatur
965 2963 1119 3022 dicendum
1140 2983 1214 3024 eree.

196 3057 263 3112 Μὶν
280 3089 306 3096 -
324 3059 367 3114 cs,
456 3043 514 3103 Di
536 3044 659 3118 reliquis
681 3054 776 3102 autem
797 3047 945 3119 particulis
968 3049 1136 3120 quibuscum
1155 3049 1341 3122 componitur
1361 3043 1423 3127 μὲν

379 3127 538 3204 particula,
569 3129 611 3186 uic
641 3129 877 3196 existumandurn
908 3129 1032 3189 videtur.
1081 3128 1155 3190 (lum
1181 3131 1323 3206 particula
1351 3130 1421 3209 μέν,

378 3221 411 3269 ut
430 3213 645 3288 praediximur,
670 3215 803 3288 requirat
822 3213 947 3288 quodam
972 3213 1057 3274 ruodo
1079 3224 1181 3273 natura
1201 3235 1252 3274 aaa
1274 3217 1420 3290 quandam

377 3300 619 3370 comparationem
642 3305 708 3372 aut,
734 3299 761 3356 ni
785 3299 897 3372 morie,
924 3299 1154 3372 oppositionem,
1174 3298 1282 3358 laetum
1305 3309 1366 3374 eet,
1386 3309 1419 3356 nt

378 3382 406 3437 ei
426 3381 588 3454 particulae
607 3381 782 3454 plerumque
805 3392 1001 3455 opponeretur
1022 3377 1058 3444 dd
1075 3381 1228 3457 particula,
1253 3391 1330 3454 qnae
1355 3388 1418 3458 ipae

377 3483 511 3538 quoque,
544 3471 576 3520 nt
605 3480 692 3537 snpra
719 3465 895 3537 explicatum
922 3473 964 3524 eet
993 3467 1025 3524 iu
1051 3485 1085 3524 ea
1106 3468 1169 3540 ipsa
1189 3465 1347 3541 particula,
1380 3485 1417 3523 ex

377 3547 599 3606 adseveratione
619 3554 702 3605 nacta
724 3557 767 3606 aet
788 3548 997 3609 adversativam
1018 3543 1271 3624 significationem.
1315 3547 1418 3623 ideque

374 3630 581 3704 particularum
613 3625 674 3708 μὲν
704 3639 733 3687 et
766 3626 802 3693 δὲ
829 3633 907 3688 inter
933 3651 983 3690 cus
1010 3635 1161 3706 responsio
1183 3652 1258 3707 pene
1278 3631 1419 3706 legitema

374 3713 451 3772 laute
478 3722 538 3786 eat,
568 3731 630 3774 nou
660 3707 778 3786 quidem
808 3714 949 3773 interiore
975 3716 1145 3792 vialique,
1169 3715 1220 3774 aed
1241 3733 1294 3774 nen
1317 3726 1347 3773 et
1377 3716 1419 3772 le·

376 3797 488 3871 quendi
518 3795 732 3856 mmctniinc.
782 3795 927 3873 Exempla
958 3802 1021 3860 eina
1052 3803 1098 3860 nei
1125 3799 1209 3876 plone
1234 3799 1333 3875 poenit
1359 3800 1419 3857 iam

375 3877 523 3940 Denarine
547 3889 577 3939 et
596 3881 691 3940 ubivis
712 3882 901 3941 inveniuntur
921 3881 1064 3958 pluruma.

192 3977 360 4051 Mdv—pla,
460 3963 560 4024 Etiam
592 3963 624 4023 id
656 3967 714 4023 iem
741 3964 878 4026 iudicavit
905 3966 1069 4046 Donatius,
1100 3963 1245 4024 interdum
1274 3963 1332 4022 duo
1358 3961 1419 4041 μὲν

219 4047 341 4104 dt—dt.
376 4051 541 4125 praemitti,
568 4049 675 4124 quitur
701 4050 898 4125 respondeant
917 4047 1044 4117 doadi·
1089 4047 1179 4132 Quod
1198 4067 1290 4126 nepe
1309 4048 1419 4108 faulum
