3016 4580
285 223 352 294 2⁶8
760 215 855 314 γάρ.

155 407 213 486 ηερ
230 427 268 475 u,
368 392 419 455 De
449 393 599 470 particulis
633 383 697 478 γάρ
723 413 759 457 τε
791 391 867 454 nihil
896 391 989 454 dicam
1013 391 1069 454 lma
1098 392 1174 466 locu,
1223 393 1331 476 Neque
1378 397 1380 400 ’

286 479 365 540 enim
388 475 495 538 Atticis
520 481 554 537 iu
576 498 629 536 usu
652 479 771 537 fuerunt
793 482 962 538 coniunctae
984 477 1040 538 luae
1061 480 1229 557 particulae,
1250 501 1284 539 aa
1302 485 1330 554 ei

287 564 359 642 quid
379 562 532 621 dicendum
552 565 619 637 erit,
643 559 753 621 dicetur
773 564 806 622 iu
829 563 969 638 particula
992 557 1039 626 τὲ.
1278 619 1281 628 .

145 656 201 736 Γάρ
220 681 271 718 τοι.
369 645 527 722 Reliquum
560 655 604 706 est
636 653 668 704 ut
697 645 789 708 dicam
816 647 853 706 de
883 646 1033 724 particulis
1059 637 1123 730 γάρ
1147 665 1219 719 τοι,
1255 667 1329 722 quae

30 725 38 737 ⁸
285 731 443 808 particulae
471 731 520 789 ubi
546 732 714 790 coniunctae
744 731 898 806 leguntur,
933 730 1014 791 reddi
1043 727 1153 790 Latine
1180 730 1329 790 commode

196 835 199 839 ·
285 811 425 892 possuntt
452 835 520 874 aum
537 820 661 884 ouuuairae,
684 835 741 890 quo
754 815 840 873 modo
855 834 904 873 aaa
919 816 1124 888 interpretatae
1140 823 1185 873 eat
1198 813 1236 873 G.
1251 812 1330 873 Her·
1378 865 1391 893 Ι.

285 919 410 958 manuue
429 897 466 956 ed
485 893 633 973 iugerum
654 920 684 972 p.
706 903 778 957 829.
800 897 844 957 ed.
867 906 931 956 tert.
975 897 1171 978 Quamquam,
1191 907 1223 955 ut
1243 897 1329 957 modo

284 984 321 1042 de
342 982 483 1058 particula
504 979 566 1062 γὰρ
590 982 730 1058 vidimus,
758 981 830 1041 haec
853 981 972 1062 quidem
993 983 1134 1057 particula
1154 984 1194 1040 ita
1216 991 1329 1040 tautum

284 1067 372 1126 modu
394 1059 518 1124 Latinae
547 1065 706 1139 particulae
733 1085 801 1124 nuru
825 1066 998 1140 respondet,
1025 1064 1103 1141 quod
1129 1065 1257 1139 aliquam
1278 1065 1329 1126 ade

213 1189 219 1202 ·
283 1151 479 1210 firmationem
499 1151 655 1223 contiueat,
678 1169 752 1223 quae
775 1149 902 1223 denique
925 1149 1103 1210 eudemum
1126 1148 1246 1218 adducat
1270 1170 1328 1223 quo

282 1255 350 1293 uam
367 1232 518 1310 particula,
538 1227 591 1295 τοὶ
607 1242 701 1294 autem
715 1233 856 1306 particula
869 1236 932 1308 ipsa
947 1253 1063 1308 quaque
1077 1253 1094 1291 a
1108 1235 1252 1308 principio
1266 1254 1330 1292 nou

282 1316 384 1398 habuit
394 1319 451 1376 nisi
462 1317 610 1376 relatiuam
623 1317 766 1392 quandam
777 1317 1031 1393 significationem,
1044 1337 1100 1392 qua
1111 1316 1329 1390 eiguificaretur·

284 1399 400 1476 aliquid
428 1400 526 1476 aliquo
553 1401 638 1458 modu
668 1420 732 1459 esse
763 1410 821 1458 eut
840 1401 923 1477 ficri,
953 1411 984 1460 ut
1010 1421 1062 1460 nos
1088 1399 1206 1476 quidem
1231 1400 1269 1476 de
1293 1421 1327 1460 ea

283 1485 370 1543 moda
393 1484 492 1544 ridere
514 1484 659 1560 nolimus,
686 1484 737 1543 sed
758 1505 817 1542 reru
842 1495 938 1544 tamen
958 1485 1022 1544 fere
1042 1487 1082 1542 ita
1102 1503 1167 1544 esse
1189 1485 1327 1554 dicamus,

285 1567 354 1648 Qua
374 1571 486 1628 ratione
506 1567 619 1627 videtur
640 1588 703 1627 esse
723 1569 850 1646 sactum,
872 1577 903 1627 ut
924 1564 976 1647 aaa*
999 1568 1126 1642 aliquam
1150 1567 1329 1629 adtirmaatiae¹

282 1673 351 1712 uem
372 1651 481 1712 habere
503 1651 666 1726 rideretur,
693 1673 780 1727 quem
803 1651 978 1712 admodum
1001 1650 1176 1710 Latinarum
1199 1653 1258 1726 [ere
1279 1661 1327 1712 aut

284 1743 411 1808 aurai-rau,
435 1734 513 1820 quad
535 1757 589 1794 noa
612 1736 758 1796 dieamus:
782 1740 827 1794 lue
846 1738 1049 1812 Altpcmeiueu,
1071 1745 1136 1794 aut:
1160 1736 1326 1813 uberhaupt,

283 1820 348 1879 vela
371 1821 531 1894 ullerdlups.
575 1818 672 1899 Quem
693 1841 861 1902 remquam
881 1822 941 1878 iam
962 1839 1048 1894 supra
1069 1840 1099 1895 p.
1113 1821 1164 1878 55.
1184 1828 1212 1878 et
1231 1840 1260 1894 p.
1276 1825 1327 1879 60.

283 1904 481 1977 tetigerimus,
509 1921 588 1960 uuna
614 1902 730 1982 quidem
757 1903 964 1962 enucleandam
992 1923 1052 1962 non
1080 1911 1233 1977 putemne,
1264 1923 1328 1962 cum

283 1988 455 2062 praesertim
475 1985 553 2044 inira
574 1985 610 2044 de
632 1985 773 2060 particula
795 1983 846 2049 τοὶ
867 1987 1024 2060 separatim
1044 1985 1241 2045 disserendum
1260 2005 1327 2046 enee

284 2069 418 2130 uideatur
439 2067 477 2126 ad
496 2091 525 2143 p.
549 2073 611 2127 207
624 2089 669 2144 aq.
699 2065 884 2148 'Coniunctis
905 2073 995 2146 igitur
1015 2073 1079 2129 iatis
1100 2071 1250 2144 particulis
1270 2069 1326 2130 huc

284 2153 475 2227 significatur.
518 2148 650 2210 Primum
675 2154 840 2213 referuntur
867 2175 900 2212 ea
926 2155 1030 2228 verbu,
1058 2174 1133 2230 quae
1152 2153 1327 2213 inducuntur

281 2257 338 2313 per
362 2236 531 2312 particulam
552 2230 625 2318 γάρ,
648 2237 684 2295 ad
707 2257 741 2296 ea
759 2259 832 2312 quae
855 2247 1069 2296 antecesserunt
1089 2239 1178 2296 rerba
1198 2227 1251 2312 per
1273 2239 1325 2296 ali·

281 2342 370 2396 ·quam
395 2320 643 2392 adfirmatiunam,
670 2329 877 2398 utlapparaat,
908 2342 958 2379 cur
978 2319 1068 2395 illud,
1098 2321 1177 2395 quod
1199 2323 1326 2396 punitum

283 2412 345 2477 eat,
375 2424 477 2461 verum
506 2423 572 2462 ause
596 2404 744 2474 uideatur:
774 2403 806 2462 id
831 2407 921 2478 igitur
943 2403 1068 2463 efficitur·
1089 2405 1229 2479 particula
1251 2401 1325 2486 peip.

282 2483 401 2545 Deinde
429 2485 476 2560 id,
506 2486 584 2560 quod
611 2485 668 2545 hoc
688 2487 773 2546 modu
794 2490 1010 2562 pronuntiatum
1029 2497 1089 2563 eat,
1122 2490 1179 2548 alio
1201 2488 1327 2568 quodam

282 2568 368 2629 modo
399 2569 568 2629 adfirmatur·
594 2590 649 2645 per
675 2573 845 2646 perticulam
870 2565 941 2647 uod,
969 2593 1029 2631 neu
1054 2579 1086 2630 ut
1108 2593 1147 2631 ex
1169 2575 1223 2648 iia,
1251 2592 1345 2646 quae'

282 2651 461 2731 dictasunt,
482 2653 667 2714 adseveretur
687 2655 727 2730 id,
752 2656 829 2731 quod
850 2658 907 2716 iam
928 2655 1043 2733 dieitur,
1063 2656 1117 2716 eed
1137 2664 1168 2716 ut
1191 2677 1239 2716 rea
1260 2658 1326 2718 uuiz

281 2759 383 2815 uerae,
411 2740 498 2798 etiam
520 2760 580 2797 nan
599 2737 698 2798 habita
721 2751 881 2800 ceterarum
903 2761 1017 2817 rerum,
1044 2759 1119 2813 quae
1143 2761 1199 2800 uua
1224 2739 1326 2800 dicuue

282 2831 344 2897 tur,
371 2825 482 2880 ratione
507 2842 577 2881 uera
602 2842 666 2881 eaae
683 2821 858 2881 declaretur.
905 2818 1068 2883 Tol-euim
1089 2843 1140 2897 eo,
1166 2823 1327 2897 quadram

282 2907 410 2978 aliquo
432 2904 624 2996 madmena
646 2905 725 2978 dicit,
748 2925 803 2962 nec
823 2903 1002 2979 singularem
1021 2905 1150 2979 aliquam
1172 2909 1325 2980 rationem,

281 3007 339 3061 qua
367 2983 477 3059 aliquid
503 2988 556 3059 ait,
583 2987 715 3061 respicit,
745 2989 911 3046 universam
938 2989 1067 3063 aliquam
1093 2990 1325 3048 adfirmatiouem

282 3069 387 3142 adfert,
409 3069 495 3144 quani
515 3077 613 3128 nostra
633 3070 734 3146 lingua
755 3069 846 3132 dicae:
871 3073 1033 3150 alteratum,
1054 3071 1103 3134 uel
1126 3070 1238 3143 aliquid
1261 3072 1325 3132 eine

281 3152 370 3211 modi.
822 3155 826 3165 ’
998 3155 1004 3162 ’

174 3307 175 3315 ¹
365 3233 525 3314 sicigitur
545 3235 729 3297 inPlatonie
750 3243 909 3314 Protagora
929 3234 1008 3294 Part.
1027 3233 1051 3294 l.
1073 3235 1133 3293 rol.
1155 3231 1180 3293 l.
1202 3257 1231 3314 p.
1255 3237 1324 3298 151.

282 3317 327 3378 ed.
349 3316 448 3378 Bell.
480 3343 510 3394 p.
534 3328 604 3381 ³10.
627 3319 660 3382 G.
683 3321 729 3381 ed.
750 3319 791 3380 Η.
816 3305 920 3395 Steph.
949 3312 1093 3400 γάρτοι
1120 3319 1325 3394 explicandum

281 3410 335 3476 est,
357 3402 408 3460 ubi
429 3401 562 3462 Socrates
581 3407 671 3464 refert
689 3425 852 3464 sermonem
873 3425 890 3463 a
915 3423 948 3463 ee
971 3401 1101 3462 habitum
1124 3425 1187 3462 cum
1208 3401 1325 3480 Hippea

281 3493 371 3545 arete:
402 3479 644 3588 Πρωταγόρας,
668 3481 746 3572 ἔφη,
769 3483 844 3571 ἥκει
865 3483 947 3562 στὰς
967 3477 1050 3570 παρ’
1068 3481 1152 3566 ἐμοί.
1192 3475 1325 3592 Hpqiqv,

282 3562 367 3653 ἔφην
388 3563 468 3648 ἐγω·
495 3565 534 3632 σύ
558 3565 596 3632 δὲ
617 3559 693 3652 α’ρτι
715 3565 884 3644 manuum,-
927 3567 981 3656 Νὴ
1004 3565 1081 3646 τοὺς
1102 3563 1218 3646 θεούς,
1248 3568 1324 3654 ἔφη,

281 3645 427 3734 ἑσπέρας
461 3671 509 3733 ye.
558 3648 628 3714 Καὶ
662 3647 731 3731 ἅμα
761 3648 1027 3739 ἐπιψηλαφήσας
1053 3653 1113 3716 τοῦ
1139 3645 1344 3732 uelpanodo'q'

280 3731 460 3814 ἐκαθέζετο
487 3731 581 3820 παρὰ
608 3732 686 3811 τοὺς
706 3733 817 3810 πόδας
835 3757 916 3815 μου,
946 3733 1003 3800 καὶ
1024 3727 1135 3801 εἶπεν·
1160 3732 1325 3820 ‘Eratque

199 3903 200 3906 Ἴ
244 3849 248 3862 ·
281 3817 379 3904 δῆτα,
409 3814 501 3898 μάλα
527 3841 563 3921 pa
590 3810 657 3902 ὀψὲ
683 3810 888 3903 ἀφικόμενος
917 3816 954 3896 ἐξ
982 3813 1062 3884 Οἰνό
1088 3841 1113 3896 ς.
1143 3812 1248 3904 ὃγάρ
1270 3837 1324 3892 τοι

280 3905 364 3977 παῖς
383 3923 426 3980 με
448 3895 466 3967 ὁ
488 3903 638 3988 Σατνρος
660 3893 808 4006 ἀπέδρα·
832 3901 888 3967 καὶ
906 3902 989 3987 δῆτα
1010 3845 1140 3984 pellar
1160 3922 1216 3966 σοι
1232 3895 1325 4049 ppei-

284 3980 350 4082 Eacy
370 3981 425 4048 ὅτι
446 3983 625 4069 διωξοίμην
647 3979 756 4060 αὐτον,
779 3980 846 4052 vad
867 4009 957 4063 τινας
976 3977 1080 4050 ἄλλου
1099 3981 1231 4049 ducale&
1250 4005 1325 4084 papa

283 4063 398 4145 Quibus
419 4070 452 4136 in
473 4072 567 4130 verbis
587 4073 628 4140 ite
649 4071 753 4144 dicitur
772 4062 836 4156 γάρ
856 4091 921 4148 τοι,
943 4079 974 4130 ut
994 4091 1046 4158 per
1062 4071 1234 4146 particulam
1251 4088 1326 4154 pap,
