3016 4580
280 243 347 316 27⁰
459 239 465 246 ⁵
757 243 851 350 peip.

281 421 445 499 pretatione
465 416 552 478 credo
581 417 749 496 apparebit,
778 379 867 495 quern
895 418 931 481 ad
959 419 1077 480 modum
1098 425 1146 484 vla
1168 424 1329 500 particulae

282 500 336 569 τοί
354 503 516 580 reparanda
541 505 579 564 ait
598 524 616 562 a
636 499 698 588 γὰρ
720 505 872 580 particula.
914 503 1000 566 Nihil
1020 510 1098 566 enim
1119 505 1171 571 τοί
1185 511 1328 584 particula

243 651 254 672 Ι
280 589 440 666 quidquam
461 608 612 648 commune
631 587 720 649 habet
739 609 805 648 cum
823 591 1056 668 ratiocinatione,
1077 612 1153 667 quaa
1171 597 1264 669 posita
1282 603 1328 654 eat

280 677 313 736 ln
343 673 486 751 particula
518 666 590 758 γάρ.
639 673 708 754 Qua
736 675 770 733 in
796 695 830 734 re
855 673 929 734 milri
959 677 1065 734 mirum
1101 697 1167 737 aeae
1200 679 1326 755 ridetur,

281 756 359 835 quud
385 755 424 818 R.
448 755 611 817 Ktihuerua
635 759 669 817 in
696 760 748 816 ar.
772 761 825 821 Gr.
846 760 932 836 acnpt.
959 760 1018 820 rol.
1040 756 1079 818 II.
1110 783 1140 836 p.
1164 763 1236 821 458.
1263 782 1328 821 earn

280 842 452 922 particulam
473 844 514 902 ait
534 841 702 916 aignilicare
721 841 945 902 concluaionem.
988 841 1064 903 Nam
1084 865 1142 919 quo
1160 847 1328 906 utiturlcco

280 925 489 1003 Xenophontis
510 926 547 986 de
567 927 727 1003 Disciplina
753 929 821 999 Unci
839 927 890 986 lib.
912 924 999 987 vm.
1022 949 1083 1003 cap.
1105 934 1135 987 7.
1160 933 1187 1004 §.
1212 935 1273 1004 17,
1289 933 1328 990 in

281 1033 340 1092 quo
359 1010 432 1071 haec
452 1010 522 1070 dicit
535 1007 632 1088 Gyrua
653 1013 797 1069 morienna
822 1003 926 1072 Ἀλλὰ
942 1007 1030 1096 πρὸς
1043 1013 1135 1074 θεῶν
1150 1011 1326 1099 πατρῴων,

280 1094 409 1172 παῖδες,
431 1094 549 1174 τιμᾶτε
571 1085 743 1178 ἀλλήλους,
766 1085 850 1157 εἴτι
873 1090 929 1157 καί
949 1097 1008 1158 τοῦ
1026 1091 1107 1174 ,ἐμοὶ
1126 1091 1328 1181 χαρίζεσθαι

279 1177 376 1264 μέλει
402 1171 497 1258 ὑμῖν·
528 1168 568 1242 οὗ
591 1170 654 1260 γάρ
677 1173 788 1262 δήπου
808 1170 906 1240 τοῦτό
929 1197 965 1260 γε
987 1180 1106 1264 σαφῶς
1128 1179 1257 1244 δοκεῖτε
1279 1173 1327 1245 εί-

280 1262 388 1336 δένυι,
418 1255 464 1338 ὡς
490 1253 586 1326 οὐδὲν
615 1253 737 1340 ἔσομαι
763 1257 828 1364 tyni
855 1253 921 1334 ἔτι,
952 1257 1090 1326 ἐπειδὰν
1110 1264 1169 1326 τοῦ
1191 1254 1327 1350 ἀνδρω-

280 1343 380 1414 ττίνου
408 1341 485 1426 βίου
513 1337 716 1491 τελευτρσω·
746 1341 824 1408 ουδὲ
851 1341 916 1430 γὰρ
943 1341 1000 1408 νῦν
1024 1367 1077 1408 τοι
1105 1338 1165 1431 τήν
1187 1339 1218 1452 p'
1244 1342 1327 1452 ἐμρν

272 1426 390 1516 ψυχὴν
419 1422 563 1516 topica·
590 1420 657 1492 ἅλ’
686 1418 738 1503 οῖς
763 1423 979 1511 διεπράττετο
1005 1423 1136 1506 τούτοις
1159 1426 1261 1513 αυτὴν
1282 1453 1328 1506 ως

281 1506 384 1580 οὖσαν
406 1512 640 1599 κατεφωρᾶτε.,
664 1513 793 1572 ianuile
814 1513 899 1572 modo
920 1512 951 1572 id
969 1517 1081 1589 probat.
1122 1512 1229 1590 Neque
1246 1519 1326 1577 anim

279 1620 336 1678 per
362 1619 395 1661 aa
424 1601 521 1674 aptior
549 1598 694 1658 conclusio
714 1600 764 1658 iati
787 1598 850 1657 Ioco
872 1601 1061 1673 conveniret,
1089 1617 1144 1658 nce
1165 1603 1261 1674 potita
1281 1608 1327 1660 eat
1396 1661 1400 1666 ,

280 1705 316 1746 ea
343 1685 390 1745 ria
418 1686 450 1742 in
475 1683 616 1758 particula
645 1678 709 1746 τοί.
751 1680 812 1741 Sed
834 1685 973 1742 universa
998 1684 1055 1742 iata
1079 1682 1259 1759 adfirmatio,
1287 1685 1326 1744 da

281 1787 341 1846 qua
369 1787 460 1843 caepe
489 1767 572 1842 dicu,
602 1769 764 1825 continetur
785 1787 856 1826 roca
879 1762 948 1838 τοί,
981 1775 1014 1826 ut
1037 1765 1093 1826 hcc
1113 1763 1325 1845 'dicat'Gyruac

279 1855 379 1931 Neque
408 1857 482 1910 enirn
510 1869 584 1909 aonc
611 1850 736 1928 profecto
765 1855 891 1909 anianum
919 1849 1035 1928 qaidcm'
1059 1871 1151 1910 οιοιιω
1176 1853 1324 1922 cidctctia,

280 1937 331 1996 aed
352 1955 388 1994 en
411 1938 449 1994 iia
468 1933 564 2004 aeica,
594 1952 666 2010 qaae
685 1933 829 2010 paralum,
858 1954 920 1992 ευοι
942 1953 1002 1993 case
1022 1935 1122 1994 inico
1142 1955 1257 2014 corpore
1276 1940 1325 1996 in·
1348 1941 1352 1948 '

278 2019 460 2097 tellepelatia.
502 2015 596 2076 Immo
624 2025 739 2100 tanturn
764 2019 860 2094 abeat,
889 2023 922 2075 ut
950 2017 1135 2077 concludatur
1158 2022 1250 2079 oratic
1272 2039 1326 2096 par
1370 2079 1379 2086 ,

279 2103 451 2181 particulam
471 2097 536 2178 τοί,
558 2107 589 2158 nt
610 2100 665 2160 huc
686 2122 812 2177 semper,
834 2111 865 2160 ut
885 2119 973 2177 aupra
991 2103 1130 2178 diximus,
1151 2107 1325 2178 cogitatione

279 2189 400 2266 quidem
420 2193 498 2246 certe
516 2187 551 2245 ab
570 2205 605 2245 ea
625 2185 853 2262 adseveratIone,
875 2207 962 2261 quam
983 2185 1072 2245 habet
1092 2189 1232 2263 particula
1249 2182 1325 2271 γάρ,

280 2271 472 2349 reparandum
496 2291 561 2331 aeae
583 2270 726 2330 videatur.
770 2269 819 2329 Sic
842 2275 875 2330 iu
899 2271 952 2329 illc
976 2268 1107 2332 Platonis
1133 2273 1196 2332 icco
1219 2276 1325 2333 Prota-

164 2413 170 2425 ,
241 2417 248 2428 ,
280 2375 367 2436 pocae
395 2353 474 2414 Part.
502 2353 612 2414 I.=rol.
642 2350 665 2412 l.
694 2375 725 2430 p.
748 2360 819 2414 208.
848 2353 892 2416 ad.
919 2352 1020 2413 Bekk.
1048 2377 1079 2430 p.
1108 2361 1180 2416 340.
1211 2355 1247 2417 E.
1277 2353 1324 2416 ed.

280 2439 322 2502 Η.
346 2437 449 2515 Steph.
483 2433 551 2500 Καὶ
578 2433 643 2517 ἐγὼ
671 2428 784 2500 εἶπον·
819 2435 874 2538 Nn}
900 2435 959 2502 τὸν
979 2431 1049 2509 Δί’,
1080 2432 1129 2524 είς
1150 2435 1267 2523 καιρόν
1287 2460 1325 2522 γε

280 2515 548 2607 παρατετύχηκεν
573 2512 653 2606 ἡμῖν
682 2517 716 2584 ἐν
741 2523 813 2596 τοῖς
835 2521 946 2604 λυγοις
967 2516 1139 2602 Πρόδικος
1160 2519 1228 2588 ὅδε.
1257 2545 1325 2586 κιν-

281 2600 409 2672 δυνεύει
430 2601 493 2691 γάρ
514 2625 578 2682 τοι,
601 2586 908 2708 αλΠριυταρόρα,,ἦ
923 2604 1095 2691 Προδίκου
1117 2603 1222 2692 σοφία
1243 2601 1325 2670 θεία

281 2711 333 2768 τις
360 2681 446 2756 εἶναι
466 2681 590 2760 πάλαι,
620 2680 695 2774 ἤτοι
718 2679 787 2754 dno
810 2685 996 2766 Σιμωνίδου
1022 2681 1201 2775 ἀρξαμένη,
1231 2682 1327 2776 iiiia

281 2771 511 2862 παλαιοτέρα,
530 2774 634 2835 ecdem
650 2775 738 2851 plane
758 2775 846 2836 modo
863 2796 918 2849 per
935 2775 1104 2849 particulam
1122 2770 1175 2837 τοί
1191 2777 1326 2834 univerae

282 2859 446 2920 tdfirmetio
468 2861 629 2918 tententiae
650 2863 831 2933 continetur,
855 2877 943 2932 quom
963 2854 1025 2940 γὰρ
1046 2867 1153 2933 apectet
1172 2864 1269 2934 potina
1289 2859 1327 2918 ad

283 2943 493 3002 antecedentia.
536 2940 617 3001 Dicit
638 2945 717 3001 cuim
738 2942 794 3003 hcc
811 2941 963 3002 Socraten:
994 2947 1131 3021 'I'eanporc
1151 2943 1242 3001 lccrcle
1261 2946 1326 3018 qni·

282 3027 344 3085 dant
362 3036 478 3086 nostrae
499 3023 683 3103 disputationi
702 3031 850 3087 intercepit
863 3027 1000 3086 Prodicna
1019 3027 1072 3085 Icic.
1111 3029 1181 3082 Vana
1197 3032 1239 3082 cat
1252 3027 1326 3082 anim

281 3109 422 3188 profecto,
455 3113 632 3187 Pentapocn,
663 3110 778 3170 Prodici
805 3115 946 3188 capientia
974 3111 1071 3168 dioina
1100 3105 1237 3188 ρυαοδαοα
1266 3125 1326 3165 caea
1361 3126 1366 3136 ¹

281 3194 445 3254 iamdudum
452 3237 460 3266 ,
496 3197 555 3254 εδοε
586 3215 606 3253 a
636 3195 779 3254 Simonide
808 3195 935 3270 prosecta
966 3196 1027 3250 aiae
1056 3193 1141 3248 ελαω
1172 3194 1325 3269 antiqnior.

281 3275 394 3336 Eodem
424 3278 510 3336 modo
538 3277 772 3352 interpretandus
800 3275 853 3335 ille
873 3273 1084 3349 Xenophontis
1108 3271 1190 3332 locua
1218 3283 1325 3335 estex

232 3373 241 3384 '
283 3359 350 3430 ucri
370 3361 519 3436 diaciptico
542 3361 594 3420 lib.
614 3359 703 3422 VIII.
732 3381 796 3436 cap.
819 3365 848 3419 3.
872 3361 902 3429 ς.
925 3363 975 3416 ³7.
1010 3353 1079 3419 Καὶ
1105 3349 1123 3420 ὃ
1150 3353 1327 3444 Φεραύλας

282 3433 373 3508 εἶπε·
401 3431 517 3505 Ποίων
543 3441 731 3521 πλουσίαις
761 3437 906 3522 τῶν-μὲν
928 3433 986 3505 οὖν
1009 3440 1127 3524 σαφῶς
1148 3432 1356 3524 incapacem

281 3519 429 3609 βιώτων,·
465 3518 542 3603 Ἐμὲ
572 3519 635 3609 γάρ
662 3547 714 3587 τοι
744 3520 763 3588 ὁ
792 3521 905 3625 πατὴρ
932 3521 992 3612 τὴν
1018 3523 1078 3606 μὲν
1105 3525 1170 3588 τῶν
1194 3522 1326 3590 παίδων

282 3605 440 3677 παιδείαν
461 3603 622 3692 γλίσχρως
643 3598 742 3682 αὐτὸς
764 3603 800 3694 ἕρ
823 3605 983 3687 αζομενος
1005 3606 1061 3673 καί
1078 3606 1210 3696 τρέφων
1228 3605 1325 3673 ἐπαί-

282 3695 358 3762 δευε
381 3685 445 3760 xtd-
486 3691 564 3755 Nam
586 3692 641 3753 hoc
663 3713 781 3769 quoque
803 3630 867 3753 Ioco
887 3695 1028 3770 particula
1050 3690 1103 3756 τοί
1124 3716 1183 3754 nou
1199 3695 1325 3769 pertinet

281 3780 319 3840 ad
339 3775 402 3865 γὰρ
422 3779 604 3858 particulam,
624 3779 676 3839 aad
696 3782 863 3838 universam
886 3783 1059 3840 acntentIam
1083 3787 1216 3853 spectans
1238 3776 1325 3834 aliurn

283 3866 428 3940 mandam
449 3863 622 3924 adfirmandi
644 3867 702 3924 aim
721 3863 819 3927 habet.
859 3861 1062 3941 Itaqaa‘recte
1081 3863 1177 3922 iecere
1190 3861 1327 3921 rideatur

281 3951 321 4025 ii,
349 3953 402 4024 qui
428 3951 459 4008 in
489 3952 551 4010 eiua
581 3949 661 4009 modi
690 3949 764 4010 Iucia
791 3969 850 4008 uon
874 3945 993 4034 γάρτοι
1013 3949 1162 4021 accibant,
1191 3945 1242 4007 aad
1269 3943 1327 4004 dia-

232 4047 245 4077 t
281 4033 387 4090 iunctio
416 4032 526 4092 duabua
551 4033 700 4108 particulis
729 4027 792 4120 γάρ
818 4053 887 4108 τοι,
916 4053 980 4092 cuna
1007 4032 1179 4108 praesertim
1207 4031 1327 4105 quibua·

282 4113 350 4172 darn
368 4111 443 4174 lucia
470 4118 556 4173 etiarn
579 4118 637 4176 etia
658 4135 717 4176 vax
738 4120 817 4178 inter
837 4135 886 4176 eaa
906 4116 1065 4192 particulae
1088 4115 1262 4190 interponite
1281 4133 1328 4174 re·
