3016 4580
464 243 533 330 pti,
564 243 614 330 ys
637 265 732 322 ses,
764 242 884 330 γοῦν.
1014 228 1021 241 ’
1132 243 1206 314 ss*

151 413 222 480 iude
238 413 355 476 ‚stulu
382 401 443 493 οὔχ
471 396 571 498 ἦτέόν
587 433 652 497 ps,
681 410 796 474 et'boo
823 413 888 474 lere
912 413 1088 490 cogitak'ede
1111 415 1198 476 tacite

152 499 347 575 sumile-dnm
373 499 427 557 sit:
456 503 509 557 etsi
527 519 584 558 non
603 501 678 577 plue,
701 519 760 558 uos
778 503 873 558 asmo
891 499 1002 576 quidem
1024 497 1114 573 acuo,
1136 507 1198 560 tem

152 586 273 644 dicitur:
301 578 406 666 μηδὲν
432 574 537 667 suriup
561 603 598 663 ys
626 575 792 668 κομήσῃς,
824 583 883 642 solt
905 588 937 642 ts
959 601 992 642 ee
1012 583 1138 660 qam
1164 585 1201 644 ds

152 671 220 728 ater
242 667 325 726 sebosa
343 683 401 726 uos
422 665 556 741 tripudio,
581 667 715 742 plustost,
745 666 873 742 deniqne
894 659 948 732 ὅτι
968 687 1005 748 ys
1027 663 1135 748 ζητεῖς
1154 669 1200 726 sie

152 755 282 831 ponitur,
298 757 330 808 nt
345 748 540 824 supplendum
559 753 623 808 sits.
635 750 670 810 ols
685 769 749 809 eous
763 770 895 810 coenoso
909 749 1027 826 quidem,
1045 750 1120 828 qued
1133 759 1195 822 eta,

153 855 230 910 qnae
260 837 404 894 sententia
431 834 495 908 ipsa
525 853 642 910 qnoque
670 853 731 891 non
762 840 857 910 potest
884 833 1027 910 explicari
1055 835 1114 892 nisi
1141 853 1197 909 pse

153 916 295 995 quandam
317 917 453 993 ellipsin:
483 923 569 977 esrom
589 922 617 976 ei
639 917 673 976 da
696 918 763 978 ollis
786 922 903 989 caenis,
927 937 984 978 sou
1002 918 1037 976 de
1056 917 1111 976 buo
1130 919 1197 996 qui-

151 1003 214 1076 depo
234 1021 347 1072 cucuso,
368 1001 442 1079 quod
462 1010 511 1061 etc.
553 1000 603 1061 De
623 1002 746 1076 repetita
765 1003 797 1060 in
818 1022 876 1060 uua
895 1003 1039 1062 sentenia
1055 1001 1198 1082 particula

149 1081 187 1167 γὲ
207 1085 287 1146 idem
307 1083 474 1145 babendum
496 1091 549 1160 est,
571 1085 649 1145 conl.
671 1082 824 1161 Sophoclis
847 1085 915 1146 oct.
937 1085 1033 1145 Gotou.
1053 1106 1083 1144 r.
1102 1087 1174 1144 981.

271 1217 339 1278 Πῶς
356 1214 385 1285 γ’
407 1211 443 1270 ἂν
462 1213 492 1271 τό
509 1213 539 1287 γ’
560 1205 630 1271 deor
646 1213 756 1291 πρᾶγμ’
767 1199 815 1271 'tr
832 1209 942 1288 siedron
960 1217 1075 1286 ψέγοιςῖ

149 1335 186 1398 de
214 1359 273 1416 quo
296 1336 361 1397 loco
391 1347 470 1399 recte
498 1340 559 1398 iam
580 1339 767 1400 existumavit
790 1337 841 1397 Fr.
862 1335 1017 1398 Ellendtns
1037 1339 1070 1398 iu
1094 1339 1193 1399 lenio.

149 1423 305 1499 Soplooclso
324 1422 384 1480 sol.
406 1420 430 1483 l.
453 1444 482 1497 p.
506 1427 593 1496 348„
619 1425 670 1498 qui
691 1425 733 1483 sic
753 1418 860 1481 Latine
880 1421 1022 1482 reddidit:
1049 1423 1194 1494 Quoutodo

148 1507 268 1583 quidem,
291 1507 364 1583 quod
385 1526 428 1565 me
450 1515 521 1566 certe
542 1508 650 1566 uolente
671 1509 785 1581 (possis
806 1507 910 1564 etiams
934 1527 978 1565 ute
998 1505 1107 1564 uolente
1128 1511 1194 1583 qui-

148 1588 229 1658 douu)
253 1589 360 1661 {cuum
384 1599 437 1661 est,
459 1594 520 1648 iure
543 1587 702 1666 vituperes?
728 1598 759 1648 ut
782 1589 859 1650 bunc
884 1608 1002 1665 quoque
1025 1588 1120 1648 locum
1139 1609 1194 1664 per

148 1671 268 1744 ellipsin
298 1675 383 1732 tacite
412 1671 529 1749 quidem
555 1672 763 1733 instituendam
790 1672 994 1749 explicandum
1019 1693 1083 1735 esse
1103 1671 1193 1734 facile

148 1762 299 1831 appareat.

179 1896 188 1900 -
233 1834 293 1898 Sed
320 1837 356 1898 de
386 1841 523 1900 universe
549 1838 638 1900 buius
665 1839 824 1916 particulae
847 1840 878 1900 si
898 1860 932 1898 ac
951 1845 1097 1916 potestate
1117 1837 1192 1901 baec

147 1923 217 1980 satis
231 1921 312 1982 'dicta
335 1931 429 1982 sunto.
472 1920 572 1982 Facile
593 1926 682 1994 enim,
694 1927 821 1999 quisque
844 1943 879 1982 ea
899 1924 1049 1999 exempla,
1075 1943 1191 1999 quaes
1248 1917 1253 1926 ⁸

145 2005 231 2066 nobis
252 2004 300 2065 hio
318 2015 390 2066 tacta
415 2029 475 2066 non
495 2015 581 2084 suut,
603 2027 620 2068 e
640 2019 742 2069 nostra
764 2011 878 2067 ratione
897 2009 1029 2068 iudicans
1049 2009 1189 2084 persequi

144 2090 210 2163 ipse
237 2091 354 2166 polerit.
397 2088 558 2167 Reliquum
588 2100 650 2165 est,
677 2099 710 2150 ul
740 2090 777 2151 de
804 2091 928 2166 siugulis
950 2093 1080 2151 locorum
1099 2111 1190 2166 geue

144 2173 236 2248 ribus,
257 2177 289 2233 ia
310 2175 417 2250 quibus
436 2173 508 2234 baec
525 2176 666 2250 particula
687 2173 838 2235 aGraecis
859 2179 943 2250 qnasi
959 2175 1095 2234 sollemni
1115 2196 1188 2249 quo·

144 2254 211 2314 dam
242 2279 324 2317 more
355 2262 490 2334 usurpari
524 2261 608 2319 solita
639 2267 699 2338 est,
732 2262 833 2335 paucis
865 2257 1069 2335 exponamus.'
1109 2255 1187 2318 Nem

85 2351 87 2356 ’
145 2361 320 2416 quamquam
349 2362 387 2401 ne
420 2345 453 2400 iu
483 2341 531 2403 lais
561 2342 679 2420 quidem
707 2343 781 2404 locis
812 2344 870 2402 alia
899 2347 944 2403 vis
971 2341 1129 2420 particulae
1149 2337 1189 2423 γε’

143 2427 324 2499 agnoscenda
355 2433 399 2486 est
430 2435 518 2501 atque
544 2429 577 2486 in
607 2431 709 2487 ceteris
739 2427 810 2487 locis
835 2429 986 2502 omuibus,
1018 2437 1117 2488 tamen
1142 2425 1187 2486 lo·

122 2511 252 2582 -quendi
276 2510 485 2570 consuetudine
512 2514 595 2586 quasi
622 2511 765 2585 quaedam
780 2509 904 2570 dicendi
928 2511 1072 2570 formulae
1099 2520 1187 2574 ustae

142 2601 220 2669 eunt,
241 2614 313 2668 quas
334 2615 394 2652 non
414 2595 685 2670 praetermittendas
708 2615 772 2654 esse
794 2595 927 2654 arbitror.

225 2676 274 2736 Ac
291 2679 417 2752 primum
433 2679 552 2753 quidem
568 2681 600 2737 iu
620 2677 953 2736 exclamationibus
972 2683 1060 2751 atque
1079 2683 1183 2761 opta·
1260 2673 1299 2730 li

140 2759 310 2820 tionibus
332 2782 455 2836 magnus
476 2782 509 2820 ac
529 2782 607 2838 pene
627 2759 786 2836 singularia
808 2781 877 2819 usus
898 2769 942 2820 est
962 2761 1122 2835 particulae
1136 2753 1181 2842 γέ,
1198 2765 1367 2848 heyden·

140 2845 220 2902 cuins
234 2845 276 2903 rei
288 2846 400 2922 aliquot
415 2847 550 2923 exempla
564 2849 622 2905 iam
638 2847 830 2922 supraposita
844 2853 932 2918 atque
947 2843 1091 2919 explicata
1104 2852 1182 2903 sunt.
1240 2845 1321 2888 ⁸⁰¹⁰·

138 2922 222 2987 Alli
243 2937 340 3004 potest
360 2927 570 3006 Aristophanis
590 2931 670 2990 locus
693 2950 711 2990 a
737 2929 1039 3008 Tbeemoplteriuzusie
1058 2949 1088 2992 v.
1110 2929 1182 2990 615.

345 3039 445 3098 Hotv'u
460 3061 494 3113 γε
506 3038 613 3117 χρόνον
630 3043 721 3115 οὐρεῖς
737 3039 783 3099 oui·

138 3141 184 3205 lbi
205 3147 292 3207 focile
313 3149 504 3226 intellegitur,
528 3149 631 3209 celeris
655 3148 742 3207 rebus
763 3149 879 3208 omissis
899 3148 936 3207 de
955 3148 1044 3224 longo
1062 3145 1183 3220 quidem

138 3238 269 3304 tempore
299 3231 464 3292 adserarnri
479 3254 545 3309 per
573 3229 611 3314 γὲ
639 3231 818 3308 particulam.
868 3228 932 3290 Nec
957 3250 1006 3290 ses
1035 3228 1091 3288 lsoc
1115 3230 1181 3290 loco

138 3315 388 3374 commemoranda
403 3313 575 3392 ¹videratur,
605 3318 665 3376 nisi
687 3315 830 3391 quaedam
848 3313 994 3372 l'ormnlae
1014 3311 1084 3372 binc
1104 3334 1181 3373 coru·

137 3400 249 3474 positae
277 3409 391 3475 essem,
423 3403 456 3460 iu
487 3402 594 3476 quibua
624 3401 719 3475 prima
753 3421 786 3458 ac
813 3400 913 3458 natira
943 3400 989 3458 ris
1021 3399 1182 3474 particulae

135 3481 237 3554 paullo
258 3481 402 3543 difficilius
419 3486 607 3561 intellegitur.
652 3482 771 3543 Etenim
787 3503 846 3542 non
862 3483 956 3543 solnm
970 3485 1001 3540 iu
1019 3485 1082 3543 eins
1100 3481 1180 3541 modi

136 3565 294 3631 enuntiatis
314 3589 378 3626 coru
399 3569 541 3630 adverbiis
562 3569 735 3644 quibusdam
755 3572 849 3644 aptius
870 3571 1022 3627 coniuncta
1037 3565 1180 3642 particula
1287 3571 1292 3579 ’

136 3660 195 3725 est,
225 3650 323 3724 qualia
351 3661 434 3710 sunt:
473 3641 520 3715 Εὖ
545 3674 598 3733 ys,
628 3650 749 3726 Καλῶς
769 3674 821 3734 ys,
843 3643 980 3732 Ὀρθῶς
1000 3661 1052 3730 γε,
1082 3643 1179 3710 Πάνυ

134 3752 180 3811 ys,
203 3728 344 3818 Σφόδρα
357 3755 403 3815 γε,
424 3729 534 3797 Μάλα
549 3755 585 3813 ys
599 3745 627 3795 et
641 3735 758 3808 similia,
780 3735 817 3793 cla
833 3735 950 3810 quibus,
973 3753 1062 3805 quom
1074 3727 1178 3788 eodem

133 3816 221 3875 modo
251 3821 340 3876 etiam
369 3819 401 3875 in
432 3821 626 3892 responsione
654 3818 751 3877 locum
776 3817 921 3889 habeant,
951 3815 1032 3874 iufra
1061 3811 1178 3872 dicandi
1296 3861 1301 3869 ,

132 3896 213 3958 locrus
238 3903 310 3977 erit,
334 3900 388 3962 sed
408 3922 473 3959 cum
492 3901 565 3974 ipsis
587 3920 705 3975 quoqne
729 3899 913 3959 exclamaudi
935 3896 1102 3975 particulis,
1126 3917 1176 3957 ra·

132 3980 187 4044 luti
211 3985 246 4046 ia
265 3983 478 4062 Aristophanis
499 3988 573 4043 Poco
596 3984 699 4042 dicitnr
719 4004 748 4044 r.
769 3987 843 4040 280.

349 4120 432 4189 Οἴμοι
450 4113 539 4186 asilos,
557 4117 634 4188 οἴμοι
649 4133 682 4187 ys
698 4109 760 4171 κᾶτ’
780 4115 858 4184 οἶμοι
873 4105 970 4182 μύλαι,
1005 4123 1010 4132 ‘
