2974 4588
528 263 655 338 atat.
746 319 751 338 .
1068 269 1113 337 29

155 445 256 508 l’rims
277 444 405 521 lenique
425 445 471 505 ris
491 441 651 520 particulae
670 438 711 530 rit}
732 443 819 506 facile
839 446 927 506 etiam
947 445 1113 522 agnoscitur

75 537 106 593 in
126 533 188 592 illis
203 533 288 606 locis,
310 551 385 606 quos
405 531 536 588 tractarit
555 527 742 605 Hartungius
760 530 819 589 rol.
832 528 855 590 l.
873 551 904 606 p.
919 535 991 589 266.
1032 528 1111 590 Nam

73 621 101 678 si
122 616 201 692 apurl
223 615 376 674 Platonem
396 613 430 672 in
449 613 525 672 libro
545 613 578 672 cle
598 633 630 672 re
649 615 762 691 publica
781 611 805 672 l.
827 612 908 673 Part.
929 611 985 672 lll.
1006 614 1064 674 rol.
1085 612 1110 674 l.

74 725 102 778 p.
126 706 178 762 19.
201 699 247 758 etl.
266 696 364 758 Bekk.
393 720 422 774 p.
446 699 517 757 335.
537 695 578 756 D.
600 696 646 757 erl.
668 695 708 756 Η.
728 694 834 773 Stepla.
855 699 980 774 legitur:
1007 691 1111 760 Ἀλλὰ

74 785 116 868 τῇ
142 776 333 867 δικαιοσύνῃ
355 776 394 866 δὴ
417 773 449 844 oi
472 777 597 844 δίκαιον
618 771 756 856 ἀδίκους
776 775 947 858 [δύνανται
966 781 1111 858 ποιεῖν];

75 867 222 943 particula
243 863 283 950 δή
301 867 413 925 nullam
439 865 526 923 aliam
545 863 633 924 habet
652 867 730 943 rim,
754 869 814 926 nisi
835 865 927 942 hauc,
950 874 982 924 ut
1002 865 1111 925 indicet

76 953 145 1010 aliis
169 952 253 1010 rebus
271 953 332 1008 iam
349 949 542 1024 disputatione
563 952 716 1010 transactis
736 953 843 1009 seriem
863 953 922 1008 iam
942 971 1006 1010 esse
1025 969 1114 1026 posse

74 1035 165 1096 liuius
193 1036 449 1110 interrogationis,
482 1037 567 1109 quasi
592 1031 701 1093 Latine
730 1033 826 1094 dicas:
855 1036 895 1092 Ar
918 1035 1028 1093 aestua
1051 1039 1111 1093 inm

73 1124 143 1179 iusti
162 1123 283 1177 iniustos
306 1120 439 1195 [possum
458 1117 607 1194 emendi
648 1115 754 1192 Neque
779 1118 866 1178 aliter
890 1119 1032 1192 explicari
1058 1139 1112 1194 po-

76 1207 144 1263 terit
172 1199 261 1276 illud,
296 1201 374 1276 quod
400 1200 508 1278 legitur
531 1202 609 1276 apurl
636 1199 727 1262 Xeno
750 1201 869 1262 hortem
896 1204 931 1261 in
952 1199 1113 1280 Disciplina

77 1289 144 1360 Capri
171 1287 224 1345 lib.
252 1284 294 1344 ll.
322 1306 386 1360 cap.
416 1293 443 1344 1.
472 1291 501 1358 ἦ.
531 1293 580 1344 ll.
608 1283 704 1346 Zeus.
740 1289 911 1390 Apgovroc
936 1279 999 1370 γάρ
1023 1281 1112 1350 ἔστιν

76 1363 137 1448 οὗχ
162 1361 276 1433 ἑαυτὸν
295 1363 404 1516 ξένον
430 1360 562 1448 ἀγαθὸν
589 1367 760 1454 παρέχειν,
788 1365 874 1434 αλλὰ
903 1365 945 1454 δὴ
971 1365 1113 1433 καὶτῶν

75 1445 264 1534 ἀρχομένων
342 1451 547 1530 matricem,
581 1447 677 1528 ὅπως
704 1447 750 1530 ὡς
775 1452 943 1534 βέλτιστοι
970 1447 1112 1517 ἔσονται.
1231 1527 1235 1536 Ι

75 1537 193 1620 Etenim
212 1536 269 1596 hoc
288 1537 406 1596 dicitnr:
434 1541 603 1614 lorperotrtic
622 1546 663 1596 at
680 1559 737 1598 aon
753 1540 845 1598 aulum
862 1558 893 1595 se
907 1542 999 1616 iprum
1011 1538 1112 1596 bosam

73 1623 217 1700 praeliare,
238 1622 288 1680 sed
307 1627 366 1680 iam
387 1626 471 1680 otiam
492 1641 597 1690 aarum,
621 1622 720 1698 apulias
738 1627 863 1699 imperet,
886 1641 983 1680 auram
1001 1621 1111 1690 holm,

75 1715 108 1763 at
131 1709 189 1766 siat
210 1724 294 1781 quam
316 1711 429 1780 optumi,
454 1707 475 1763 i.
489 1719 516 1762 e.
538 1703 599 1780 sed,
622 1706 672 1762 nbi
693 1725 725 1764 se
746 1706 855 1764 bonum
874 1704 1049 1781 praebuerit,
1069 1703 1112 1762 itt

74 1791 138 1847 iam
167 1790 256 1847 etiarn
279 1787 455 1863 reliquorum
480 1809 578 1846 curam
603 1785 729 1866 habere,
760 1797 792 1848 ut
816 1788 865 1849 lric
893 1805 1009 1865 quoque
1034 1795 1113 1848 certa

74 1871 220 1952 quaedam
239 1891 335 1930 rarum
355 1875 443 1932 series
464 1871 617 1934 iudicetur.

160 1953 253 2015 Porro
271 1954 328 2014 ltuc
346 1959 493 2030 pertinent
511 1957 670 2032 particulae
691 1949 778 2020 ἀλλὰ
795 1955 895 2042 δῆτα,
916 1977 992 2033 quae
1009 1947 1112 2018 eadeln
1123 1951 1204 2012 latta
1215 1954 1293 2024 tter·

73 2041 207 2115 ratione,
233 2060 292 2115 qua
316 2041 402 2100 modo
426 2032 511 2102 tlt&
532 2035 586 2124 δή,
614 2041 755 2116 vidimus,
782 2045 860 2100 inter
885 2061 917 2100 se
943 2043 1112 2104 coniunctae

72 2125 228 2199 leguntur,
260 2133 291 2182 ut
320 2145 408 2182 unam
435 2127 520 2199 quasi
545 2124 789 2199 significationem
816 2123 923 2186 habere
946 2125 1112 2203 rideantur,

72 2211 128 2267 etsi
150 2205 198 2266 laic
219 2227 334 2282 quoque
356 2228 456 2267 caussa
479 2206 514 2267 ad
534 2211 683 2284 utriusque
703 2209 862 2284 particulae
882 2211 1032 2284 propriam
1050 2213 1113 2273 rina
1211 2271 1215 2280 ,

74 2289 238 2351 revocanda
258 2301 312 2350 est.
353 2288 400 2349 lta
412 2300 508 2351 autem
519 2291 657 2352 differunt
667 2295 744 2352 inter
755 2313 789 2353 se
801 2293 959 2368 particulae
973 2283 1059 2355 citt&
1069 2289 1110 2379 δὴ
1151 2324 1155 2329 ·

73 2383 103 2434 et
126 2367 213 2437 ἀλλὰ
233 2371 332 2460 δῆτα,
361 2396 448 2450 quem
467 2377 505 2435 ad
526 2377 642 2436 modum
663 2372 703 2460 δὴ
726 2386 754 2438 ct
777 2375 875 2461 δῆτα,
901 2397 976 2455 quae
995 2378 1113 2453 quidem

74 2461 154 2517 inter
172 2478 205 2516 se
225 2467 365 2538 cognatae
384 2469 461 2535 sunt,
482 2459 695 2536 significatione
713 2462 886 2537 discrepant.
919 2459 1004 2522 -Nam
1025 2483 1114 2536 quom

72 2542 219 2618 particula
239 2538 279 2624 δὴ
298 2543 466 2616 simpliciter
480 2541 605 2603 Latinae
625 2546 785 2619 particulae
807 2551 876 2616 ium,
897 2549 1113 2606 nostraesclton
1200 2573 1203 2576 ·

74 2625 267 2700 respondeat,
295 2624 389 2684 altera
413 2627 554 2701 particula
578 2637 697 2704 praeter
722 2631 847 2703 primam
875 2627 950 2687 hane
975 2631 1038 2688 rim
1064 2649 1112 2705 eo,

75 2709 155 2785 qnorl
180 2708 285 2769 rocula
311 2709 535 2770 demonstrativa
559 2731 602 2772 τα
626 2711 759 2770 adiuncta
785 2719 847 2786 est,
878 2714 967 2770 etiarn
993 2710 1136 2786 alamon-¹

75 2795 225 2853 strationis
251 2792 396 2869 quandam
422 2795 667 2869 significationem
696 2795 730 2852 in
756 2813 790 2854 se
816 2795 963 2869 continet,
990 2802 1023 2851 ut
1048 2794 1113 2854 sere
1225 2791 1229 2800 ’

75 2875 130 2936 lroe
152 2877 240 2937 velit:
271 2881 330 2936 iam
350 2883 404 2949 aiu,
431 2883 570 2948 tumltu,
593 2885 623 2937 et
642 2879 742 2938 multis
763 2881 797 2937 in
819 2877 892 2938 locis
912 2897 931 2935 a
950 2879 1037 2938 nobis
1058 2897 1112 2938 ex·

24 3023 27 3026 .
75 2963 164 3036 primi
185 2961 279 3037 possit
297 2961 462 3036 particulis:
483 2963 570 3021 salros
586 2962 660 3021 aleta
704 2961 773 3044 Qua
796 2961 833 3022 ule
853 2981 886 3022 re
899 2961 977 3022 inira
992 2961 1112 3038 dicetur,

76 3047 126 3103 nbi
153 3045 190 3105 ale
211 3046 352 3122 particula
372 3045 457 3127 δῆτα
477 3053 594 3122 agetur,
623 3044 662 3104 ad
683 3067 751 3124 pag.
776 3051 827 3110 66.
869 3044 921 3108 sia
939 3050 973 3106 in
992 3045 1112 3107 Aristo-

75 3125 183 3204 phanis
202 3129 287 3190 Plato
306 3149 335 3190 r.
359 3133 440 3189 1094
461 3150 543 3206 aqq.z

261 3263 310 3321 Ta
324 3257 381 3314 ἔσθ’
402 3257 420 3314 o‘
434 3257 544 3317 κόπτων
561 3257 610 3328 τὴν
624 3257 734 3334 &ripam
751 3260 827 3314 τουτὶ
843 3263 872 3314 rt
886 3248 939 3328 iprf

259 3325 350 3391 οὐδεὶς
366 3331 469 3384 ἔοικεν·
489 3327 558 3383 ἀλλὰ
575 3331 643 3398 δῆτα
661 3327 691 3384 τὸ
706 3325 806 3404 θύριον

258 3395 456 3469 φθεγγόμενον
472 3394 560 3461 ἄλλως
575 3399 701 3468 κλαυσιᾷ.

75 3518 164 3579 ineile
183 3521 350 3593 agnoscitur
367 3524 489 3604 propria¹
500 3521 658 3598 particulae
673 3523 731 3585 ris.
771 3517 820 3580 lbi
832 3520 913 3580 enim
924 3517 980 3580 hoc
993 3517 1111 3580 dicituro

79 3605 150 3674 Qua
174 3611 230 3672 est,
259 3610 307 3681 pat
328 3607 424 3683 pulsat
444 3604 578 3684 portuffl
621 3606 695 3676 Quat
717 3606 799 3665 lacco
821 3601 904 3664 erati
946 3607 1054 3678 Neara,
1080 3611 1114 3661 ot

75 3687 198 3746 arama
239 3687 296 3746 sva
314 3692 373 3748 iasa
396 3695 438 3750 sic
459 3690 537 3764 [ores
560 3698 661 3748 terren
682 3691 837 3774 alaspaaotae
858 3701 1003 3764 σνφινσνν,
1030 3689 1050 3742 i.
1076 3705 1114 3757 e,

75 3771 196 3830 remotis
217 3770 342 3846 reliquis
362 3775 448 3846 rebus
466 3775 611 3844 omnibus,
631 3775 689 3832 ianr
709 3775 751 3831 ita
766 3791 906 3847 crepuere
920 3770 999 3827 iores
1011 3773 1114 3838 sponte

76 3853 245 3913 clamantes.
285 3852 337 3914 Sic
357 3859 445 3917 etiam
465 3860 499 3917 in
520 3857 613 3918 altaro
633 3857 698 3917 loco
713 3853 934 3930 Aristophanis,
955 3868 1044 3922 quam
1064 3845 1115 3906 atl-

77 3937 144 3995 tnlit
163 3935 350 4014 Hartungina
370 3940 430 4002 rol.
450 3940 476 4002 1.
496 3961 528 4020 p.
546 3947 629 4016 310,
647 3937 839 4015 explicandae
855 3931 1014 4010 particulae
1034 3939 1115 4008 sunt,

74 4023 181 4082 Aram
200 4040 231 4081 v.
252 4027 323 4084 376.
1030 4027 1037 4036 '

183 4148 253 4206 ’All'
271 4151 318 4212 ἀπ’
336 4153 446 4232 ἐχθροῖν
463 4157 531 4223 tiro
549 4148 639 4212 πολλὰ
657 4145 852 4226 μανθάνουσιν
869 4145 897 4205 ol
915 4153 1011 4221 σοφοί.
