2968 4570
344 243 413 314 soc
665 213 673 222 ’
848 231 880 328 ἢ.

347 417 406 476 iam
426 413 567 493 Aegeus,
590 412 711 491 qniplroc
727 413 834 472 t'sctnm
850 413 981 488 miratur,
1002 420 1033 471 nt
1056 416 1164 474 certior
1180 414 1218 475 ds
1231 435 1274 488 rs,
1298 437 1389 490 quarn

346 521 410 561 esse
433 502 562 576 audiuit,
583 502 683 576 lieret,
707 501 749 560 sic
769 502 945 572 interrogate

539 621 585 686 '11
590 601 655 687 Κοιοιι
673 625 816 700 rrrdlprpr'
837 628 922 699 ἔργον
939 629 1081 698 αἴσχιστον
1097 623 1177 696 τόδε,-

344 791 404 846 qno
423 772 454 828 iu
477 771 540 848 loco
563 791 651 846 quom
672 771 847 842 interpretes
869 768 925 825 sibi
945 768 1171 841 persuasissent,
1194 788 1253 826 non
1275 769 1316 825 ita
1339 768 1384 825 in·

346 870 493 927 terrogare
519 855 624 914 debere
647 851 798 929 Aegeum:
841 853 949 928 Nempe
983 869 1071 908 οοοιιο
1099 860 1140 909 est
1172 852 1248 910 istud
1268 853 1384 924 [ocinus

342 937 569 1011 γὀοοὶοοιιοιιιιιιῖ
610 958 684 1012 pene
721 955 820 994 omnes
857 935 948 993 critici
986 954 1081 1008 nuper
1117 939 1381 1010 comprobaverunt

341 1019 479 1081 Elmileii
501 1023 709 1094 coniecturam,
732 1039 790 1094 qna
811 1018 863 1077 ille
884 1019 1028 1093 reposuit:

430 1217 433 1224 1
541 1139 584 1202 11
597 1147 652 1221 γὰρ
671 1143 811 1220 ιειόὶμρκ
831 1147 916 1219 ἔργον
934 1151 1075 1217 αϊοχισιον
1093 1143 1173 1212 redu

341 1275 461 1370 quodsi
479 1283 542 1370 γὰρ
564 1285 722 1364 particulae
739 1289 843 1347 iustam
863 1286 1046 1344 mirationem
1063 1283 1191 1346 baberet.
1222 1283 1282 1346 Sed
1301 1295 1379 1346 reete

339 1374 399 1431 ianr
428 1311 513 1447 Pttng
515 1372 580 1429 lius
607 1371 786 1431 intellexit
776 1393 808 1428 ιιι
832 1368 982 1444 Euripidis
1002 1358 1109 1426 loro
1090 1393 1109 1454 p
1132 1391 1200 1432 που
1222 1354 1377 1444 particulas

245 1455 252 1474 ⁸
339 1455 489 1514 mutandas
513 1475 571 1513 non
595 1455 699 1513 videri.
744 1452 912 1512 Dictrnro
880 1455 971 1529 igitur
992 1451 1060 1511 bocz
1089 1457 1236 1511 Reuerunc
1256 1463 1297 1512 cst
1319 1455 1377 1512 nli-

339 1559 394 1616 rpro
414 1540 496 1598 niodo
516 1559 604 1597 urruns
621 1539 669 1596 ills
690 1537 741 1597 boc
761 1539 875 1612 [scinne
893 1534 1116 1612 trrrpissurnem?
1137 1538 1231 1610 quod,
1253 1547 1283 1595 nt
1306 1557 1377 1596 rere

338 1625 505 1682 observavit
527 1621 692 1698 Pllugltius,
718 1622 823 1679 dicitrir
843 1619 940 1694 paullo
964 1619 1077 1692 lenius,
1104 1640 1189 1694 qnam
1213 1611 1232 1703 ἦ
1255 1617 1319 1702 γὰρ
1340 1623 1374 1678 in

337 1710 410 1764 istoc
431 1707 506 1764 loco.
543 1703 693 1764 intellexit
717 1703 801 1763 lroc
791 1725 849 1762 ram
872 1704 1014 1806 glossator
1034 1663 1102 1761 libri
1124 1701 1289 1762 Florentini
1315 1712 1375 1776 10.‚

337 1793 389 1862 rpri
415 1789 451 1846 ed
475 1779 672 1870 particulas}
651 1813 666 1847 r
688 1809 755 1850 που
772 1787 939 1861 adscripsit.
958 1777 1127 1847 Ἀπισιῶν
1147 1787 1251 1850 ταῦτα
1268 1785 1375 1867 λέγει,

335 1873 395 1930 nisi
420 1870 497 1974 qnod
520 1873 570 1929 ille
591 1875 732 1928 rationem
755 1891 814 1928 non
836 1871 1009 1944 explicarit,
1030 1869 1176 1942 quomodo
1201 1891 1288 1945 quom
1307 1891 1374 1944 par-

335 1943 457 2012 culne’
439 1977 458 2038 η
479 1975 546 2016 που
567 1954 631 2012 lere
652 1959 712 2010 tum
726 1963 920 2028 usurpentur,
942 1955 991 2011 nbi
1011 1973 1069 2010 non
1089 1953 1252 2012 dubitamus
1274 1953 1311 2012 de
1329 1975 1373 2027 re,

334 2036 387 2096 sed
416 2039 513 2112 potius
541 2039 580 2096 ita
611 2039 792 2112 quaerimus,
819 2046 851 2094 nt
876 2038 1073 2111 significemus
1099 2039 1154 2094 rix
1183 2059 1267 2110 posse
1284 2041 1373 2096 nobis

334 2119 415 2183 alind
442 2120 614 2195 responderi
643 2130 758 2195 praeter
782 2120 872 2194 illud,
903 2122 1011 2194 qnod·
1001 2141 1033 2177 m
1056 2122 1122 2194 ipsa
1143 2124 1372 2196 interrogatione

333 2217 432 2264 nostre
455 2207 605 2280 ponimus,
634 2203 689 2264 boc
709 2216 804 2265 autem
825 2205 889 2263 loco
911 2203 1029 2262 eaedem
1055 2204 1123 2261 illae
1144 2208 1300 2278 particulae
1322 2227 1372 2280 po·

333 2289 392 2346 tine
420 2289 461 2348 ibi
483 2299 644 2363 ponentur,
671 2291 720 2346 nbi
741 2309 795 2348 uos
819 2308 881 2346 rem
903 2307 963 2345 nun
984 2286 1102 2345 credere
1124 2289 1311 2361 simulemus,
1342 2299 1373 2347 ut

334 2374 478 2430 contrusio
509 2372 595 2446 modo
623 2371 859 2447 interrogandum
887 2373 970 2429 nobis
998 2371 1088 2428 fnisse
1119 2371 1260 2430 rideatur.
1309 2371 1371 2432 lies

334 2465 431 2514 nutem
452 2457 494 2513 its
515 2475 546 2514 se
568 2455 664 2515 babet.
696 2453 755 2514 Ubi
777 2457 974 2531 pronuntiavit
996 2451 1121 2514 Medea:
1143 2459 1210 2514 Inso
1231 2455 1301 2514 utili
1326 2461 1372 2514 in-

265 2575 270 2587 ,
331 2543 435 2598 iuriam
455 2539 537 2612 fecit,
563 2539 637 2617 quod
658 2540 747 2598 aliurn
768 2559 875 2616 ιγιοιμιο
898 2557 1014 2596 uxorem
1037 2538 1179 2596 dominum
1201 2544 1230 2596 in
1253 2539 1369 2598 cedibus

331 2623 439 2694 babet,
471 2625 523 2682 vix
551 2631 663 2698 poterat
688 2622 723 2682 de
749 2645 781 2681 re
805 2625 868 2697 ipsa
891 2620 994 2680 dubius
1018 2641 1082 2678 esse
1104 2619 1244 2699 Aegeus,
1275 2621 1370 2682 nibilo
1473 2655 1474 2684 ι

332 2709 427 2766 minue
448 2715 480 2764 nt
500 2708 683 2767 mirationem
705 2727 786 2767 suam
807 2705 1002 2781 signiticaret,
1023 2707 1116 2763 dixitr
1473 2731 1474 2750 ι

460 2888 465 2894 ·
523 2840 570 2904 ‘11
583 2871 638 2907 που
655 2849 796 2922 ιειὸλμηιι’
818 2849 903 2920 ἔργον
921 2855 1064 2922 οἵογιοιον
1081 2848 1161 2918 adde,-

330 2987 408 3064 quod
443 2989 570 3060 dicapnus
604 3009 674 3049 noar
716 2994 757 3048 Ea
788 2991 838 3048 but
873 2991 934 3050 aleo
963 2993 1048 3049 lusor
1077 2992 1151 3049 dices
1177 2989 1370 3065 ecbimpiliolrc

329 3073 484 3148 Hordlunp
506 3071 637 3149 percepti
658 3074 763 3148 quibus
787 3075 884 3133 verbis
901 3075 1096 3149 significetur,
1117 3094 1169 3132 nos
1191 3074 1308 3146 quidem
1330 3073 1368 3132 de

328 3157 405 3214 t'erto
438 3177 497 3215 non
531 3177 650 3232 prorsus
687 3159 817 3218 dubitare
848 3178 948 3233 posse,
982 3157 1032 3214 sed
1056 3168 1152 3222 tumen
1179 3158 1367 3216 mirabundus

328 3242 417 3298 etiarn
437 3259 511 3298 ιιιιιιο
532 3259 564 3300 ac
585 3243 806 3302 subdubitantes
827 3261 891 3300 cum
914 3243 1011 3298 auimo
1035 3251 1135 3300 nostro
1162 3249 1300 3314 reputare
1322 3240 1366 3316 id,

213 3351 232 3368 ν
329 3324 406 3396 qnod
436 3325 541 3384 lactum
568 3346 632 3386 esse
658 3330 826 3398 videamus,
863 3345 1037 3400 quamquain
1065 3329 1095 3384 in
1125 3345 1159 3383 en
1187 3323 1366 3382 dubitatione

328 3417 416 3480 etque
448 3411 675 3483 interrogatione
702 3419 873 3484 exspectare
901 3408 1056 3468 debeamus
1082 3409 1291 3468 adfirmetiraur
1318 3427 1366 3466 re·

327 3494 525 3566 sponsionem.
569 3491 658 3571 Quod
680 3505 777 3552 contre
798 3495 823 3551 si
846 3493 1002 3552 diceretur:

526 3611 572 3674 ’Π
587 3619 641 3695 γὰρ
662 3619 802 3690 aerdlppa'
817 3623 900 3694 ἔργον
918 3625 1059 3690 ιιῖσχιοιον
1078 3618 1156 3686 adde,-

325 3755 380 3817 lroc
409 3757 568 3819 diceretur:
598 3761 656 3818 ilat
683 3761 755 3828 dcun
785 3763 870 3820 loson
900 3759 974 3819 dicae
997 3759 1186 3862 οοΙιὶιιιγιβίοῙιο
1210 3757 1285 3816 'lirul
1312 3779 1363 3836 pe-

322 3839 423 3920 wupti
443 3846 547 3918 quibus
570 3843 666 3902 verbis
689 3843 914 3922 significaretur,
938 3865 989 3902 noa
1009 3847 1048 3902 itu
1070 3846 1170 3902 mirari
1191 3843 1308 3916 sactum,
1332 3853 1363 3897 ut

324 3945 385 3983 nou
414 3929 485 3984 sutis
513 3947 576 3986 eam
604 3949 665 3986 rem
687 3931 804 3988 credere
826 3929 1000 3988 videremur.
1044 3925 1160 4004 Quod'
1151 3949 1183 3984 an
1205 3925 1271 3984 aliia
1292 3928 1362 3998 ,qui-

324 4005 391 4066 dem
417 4009 489 4068 locis
516 4013 558 4068 sic
583 4009 702 4087 dicitnr,
729 4014 818 4073 sed
807 4035 840 4071 ιιι
866 4014 919 4072 illo
944 4009 1095 4086 Euripidis
1116 4011 1181 4070 loco
1205 4017 1365 4084 reponetur

324 4109 441 4150 necesse
456 4109 521 4150 non
544 4102 597 4151 est.
