2980 4574
338 215 404 284 388
544 259 553 272 «
693 210 814 292 ὅτε,
845 207 1005 284 ὁπότε.

340 387 460 449 dicitur.
493 381 678 488 Μέμτηραι
706 379 786 489 γάρ,
820 377 902 470 ἔφη,
935 373 1082 460 ἀκούσας
1109 379 1195 450 ποτέ
1215 403 1299 454 σου,
1340 379 1405 450 ὅτι

339 466 477 546 εἰκότως
504 463 543 534 ita
570 469 626 534 καὶ
642 468 742 572 παρὰ
762 471 853 536 θεῶν
875 461 1145 570 πρακτικώτερος
1162 462 1235 572 εἴη,
1265 464 1404 574 ὥσπερ

340 553 397 620 καὶ
417 549 512 640 παρὰ
535 545 779 659 &eboriacus
766 551 860 629 όοτις
861 547 947 654 μή,
969 545 1171 618 ὁπότεέᾘ
1115 551 1309 648 ταπόροις
1331 547 1402 638 εἴη,

339 635 415 704 τότε
444 635 634 711 κολακεύοι,
664 633 738 702 ἀλλ’
764 635 820 702 ὅτε
847 629 969 740 ἄριστα
991 631 1153 718 πράττοι,
1183 659 1261 702 τοτε
1280 633 1403 714 μαλ

340 745 402 789 στα
433 725 498 785 τῶν
525 725 614 786 θεῶν
640 745 801 827 μειινιιητο
822 715 888 784 κτὲ.
924 733 951 781 et
980 723 1087 782 ibidem
1114 723 1165 781 lib.
1190 719 1229 784 ll.
1262 743 1339 798 cap.
1368 731 1399 781 l.

340 813 369 883 ς.
395 815 444 867 30.
482 801 612 870 'Exulet
637 805 674 871 δὲ
703 805 757 870 καὶ
785 801 880 884 ἐτίμα
907 799 1012 870 ὁπότε
1038 803 1130 882 τινὰς
1157 799 1224 870 λ’όοι
1247 799 1401 870 caroccii

339 913 411 956 τι
403 881 625 973 πράττοντας,
659 882 679 954 ό
712 885 839 966 πάντας
862 885 1016 969 ἐβούλετο
1045 893 1165 954 ποιεῖν.
1212 871 1276 950 Sed
1310 899 1398 951 totns

338 975 388 1036 hic
409 978 488 1036 locas
510 977 603 1034 sociiis
619 989 663 1038 est
685 976 723 1037 ad
743 975 945 1052 explicandum
968 975 1127 1050 multisque
1145 977 1292 1051 exemplis
1320 998 1398 1036 con·

339 1063 449 1122 lirrnari
473 1071 576 1135 potest.

209 1143 271 1202 'Ore
424 1143 533 1204 Contra
561 1147 588 1204 si
612 1163 660 1203 res
687 1163 749 1201 non
773 1143 810 1202 ad
833 1146 1036 1220 cogitationem
1067 1144 1194 1203 refertur
1229 1154 1260 1203 et
1292 1165 1395 1204 csen-

169 1235 225 1303 ⁰P¹¹¹
244 1233 306 1301 5⁰¹¹·
344 1240 389 1290 tus
411 1238 522 1289 tantum
551 1228 636 1287 modo
666 1238 827 1304 spectatur,
855 1228 980 1288 dubitari
1001 1247 1061 1288 nou
1082 1238 1178 1302 potest
1201 1231 1275 1302 quin
1296 1231 1394 1289 etiam

173 1299 299 1340 mum·
340 1317 557 1389 coniunctivae,
587 1333 673 1387 quern
698 1314 733 1372 ad
756 1312 872 1372 modum
898 1313 931 1372 id
950 1315 982 1372 in
1006 1316 1108 1372 ceteris
1129 1312 1281 1387 particulis
1307 1315 1394 1372 rela-

340 1403 409 1460 tivis
437 1400 543 1461 lactum
569 1407 630 1472 est3
658 1397 696 1456 ad
724 1392 781 1460 ὅτε
810 1398 981 1472 particulam
1005 1398 1124 1472 adiungi
1145 1401 1246 1470 possit.
1308 1397 1392 1458 Eius

340 1487 384 1544 rei
416 1487 486 1560 quia
516 1485 584 1550 sotiis
609 1491 719 1540 certum
747 1483 913 1557 exemplum
937 1503 954 1540 s
975 1484 1089 1556 scriptis
1110 1480 1278 1540 Atticorum
1301 1492 1392 1541 uota-

341 1580 402 1628 tum
430 1589 489 1626 non
516 1567 626 1640 habeo,
662 1585 768 1642 ponam
798 1577 900 1626 testem
926 1565 1103 1640 Homerum,
1137 1569 1189 1640 qui
1211 1570 1392 1626 universum

341 1663 419 1712 certe
451 1673 533 1710 arsum
562 1649 691 1710 Graecae
721 1651 839 1726 liuguae
861 1660 1013 1710 monstrat.
1055 1649 1087 1712 ls
1108 1653 1198 1727 igitur
1218 1654 1251 1710 in
1271 1652 1391 1712 Iliados

340 1738 392 1799 lib.
414 1735 508 1796 XXI.
532 1757 559 1798 τ.
583 1743 643 1794 322
666 1757 710 1810 sq.
735 1734 808 1794 haec
831 1733 934 1795 habet·

493 1867 587 1922 Αὐτοῦ
606 1869 695 1920 οἱκαὶ
709 1870 788 1952 σῆμα
806 1862 952 1927 rursiam
972 1866 1039 1920 ovdd
1054 1869 1082 1919 τί
1095 1886 1146 1936 μιν
1158 1862 1234 1938 χρειῖι

492 1938 566 1992 ἔσται
584 1933 782 2007 τυμβοχοης,“
769 1953 811 1988 ore
830 1953 880 2006 μιν
898 1931 1042 1989 θάπτωσιν
1056 1887 1169 2005 Ἀχαιοί.

339 2060 401 2136 De
421 2071 531 2136 Atticis
564 2077 752 2152 scriptoribus
789 2073 845 2134 huc
883 2077 980 2135 vocari
1014 2060 1138 2150 quodam
1167 2072 1255 2133 modo
1285 2081 1379 2148 potest

340 2157 490 2236 Aeschyli
522 2160 601 2220 locus
634 2161 670 2219 de
703 2164 814 2265 Septem
841 2159 906 2221 cdo.
935 2161 1071 2220 Theba
1073 2164 1171 2218 ,333
1198 2180 1262 2234 erp,
1290 2175 1371 2230 quem

341 2265 431 2319 supra
459 2249 608 2318 posuimus
635 2247 668 2304 in
693 2235 765 2310 εὖτε
787 2245 977 2322 particulap.
1003 2250 1093 2318 333,
1122 2257 1182 2302 tum
1203 2245 1278 2302 satis
1299 2259 1376 2300 usum

342 2337 462 2388 testatur
482 2329 523 2406 id,
548 2329 654 2404 quod'
646 2353 676 2388 rn
698 2332 800 2388 ceteris
821 2330 967 2404 particulis
985 2329 1124 2405 relatiuis,
1147 2339 1177 2388 ut
1197 2327 1273 2401 dixi,
1295 2327 1381 2386 etiam

272 2471 277 2478 ,
340 2411 433 2472 Attici
455 2372 532 2474 hauil
552 2423 619 2474 r'aro
644 2416 859 2474 coniunctirnm
879 2417 943 2474 sine
965 2407 1012 2478 dr.
1025 2414 1165 2489 particula
1189 2417 1342 2514 usurpant.

166 2494 259 2554 Oudz'
281 2493 316 2552 ἂν
425 2495 567 2602 Omnipm
598 2510 694 2558 autem
715 2500 993 2574 frequentissnmum
1025 2510 1079 2576 est,
1116 2493 1173 2560 ὅτε
1205 2506 1233 2556 et
1265 2486 1380 2564 ὁπότε,
1468 2565 1469 2572 ¹

184 2581 263 2654 „5⁰2
340 2577 528 2642 adiuncra'*
508 2606 547 2685 ρν
575 2586 715 2660 particula
740 2587 866 2644 construi
892 2605 956 2644 cum
982 2585 1182 2657 coniunctiuo,
1217 2591 1249 2639 ut
1271 2579 1303 2638 id
1326 2582 1380 2638 sit.

168 2621 315 2794 ὃξξτααννξ,
340 2660 420 2732 ὅταν
449 2677 478 2726 et
507 2663 650 2743 ὁπόταν,
684 2689 866 2774 quamcpupm
889 2669 989 2727 multis
1014 2669 1112 2726 locis
1104 2689 1134 2726 ru
1155 2667 1330 2725 reterrumis
1352 2671 1381 2722 et

203 2771 277 2830 pm.
340 2754 466 2852 optumis
494 2753 577 2811 libris
601 2755 686 2818 etiam
708 2758 749 2812 sic
771 2745 820 2816 ὅτ’
845 2743 884 2816 dv
905 2765 933 2812 et
954 2743 1053 2814 ὁπότ’
1078 2743 1117 2814 ἂν
1139 2753 1276 2825 scriptum
1296 2749 1379 2806 inre·

339 2839 422 2908 nias,
457 2857 514 2910 qua
542 2835 578 2894 de
607 2857 638 2894 rs
666 2838 793 2896 conferri
813 2835 978 2910 poteritlt.
1003 2834 1149 2894 Porsouus
1171 2836 1207 2892 ad
1232 2831 1380 2907 Euripidis

338 2919 482 2978 Hecubam
513 2940 543 2977 v.
577 2925 646 2978 193.
678 2943 708 2996 p.
731 2926 781 2978 39.
814 2920 860 2978 ed.
887 2919 972 2996 Lipo.
1011 2917 1049 2980 G.
1071 2919 1110 2980 H.
1134 2919 1311 2977 Schaeserus
1343 2916 1381 2975 ad

338 3001 566 3062 Demosthenem
590 3005 647 3062 vol.
670 3002 760 3080 ll.p.
785 3009 855 3066 626.
877 3006 1014 3082 idemque
1036 3008 1066 3062 in
1091 3005 1185 3062 Iudice
1204 3003 1240 3062 ad
1261 3005 1378 3077 (ἕτερον.

340 3087 464 3144 Corinth.
490 3109 520 3162 p.
547 3092 635 3148 1014.
679 3087 739 3148 Sed
770 3087 824 3149 hoc
848 3090 884 3148 ad
905 3087 1140 3166 orthographiam
1162 3099 1273 3146 tantum
1293 3085 1379 3142 ruodo

233 3228 238 3239 ,
338 3173 481 3247 pertinet,
509 3171 582 3230 illud
611 3176 697 3233 ctiam
719 3173 869 3250 adipeam
891 3177 1066 3278 sententiam
1089 3175 1172 3246 lacit,
1170 3170 1274 3274 rjprrod
1293 3189 1380 3244 prae-

337 3251 475 3326 ceperunt
505 3259 622 3329 quidam
651 3263 827 3335 grammatici
855 3251 908 3320 tl'r
934 3250 974 3320 dv
996 3269 1022 3318 et
1045 3249 1144 3320 ὁπότ’
1167 3281 1205 3318 ατ
1227 3256 1377 3328 diremptis

337 3341 456 3398 vocibus
487 3349 545 3400 tum
571 3345 752 3403 scribendum
774 3344 885 3414 videri,
915 3346 940 3402 si
965 3341 1078 3418 quaudo
1102 3361 1166 3399 cum
1187 3339 1254 3399 aliis
1277 3339 1376 3398 adrer-

336 3423 444 3480 serbiis
470 3445 521 3484 eas
543 3427 685 3486 formulae
705 3431 745 3488 ita
767 3431 944 3488 consociatae
967 3436 1080 3499 esseut,
1106 3437 1139 3484 ιιτ
1160 3423 1303 3500 quaedam
1326 3444 1372 3496 op·

336 3510 490 3581 positionis
518 3514 591 3570 ratic
620 3513 739 3572 deberet
763 3521 896 3586 exstare,
929 3513 1051 3570 veluti
1044 3531 1074 3568 ru
1098 3508 1146 3568 his
1169 3507 1369 3568 Demosthenis

339 3591 428 3668 locis,
456 3598 592 3654 oraticula
612 3599 814 3672 Leptiueoc§.
836 3601 886 3655 91.
909 3596 954 3654 ed.
977 3593 1076 3654 Bell.
1104 3616 1133 3670 p.
1157 3597 1236 3668 484,
1259 3597 1308 3652 25
1327 3585 1369 3646 ed.

335 3673 440 3736 Reisk.
452 3668 612 3791 Ἔπειόῂ
638 3675 674 3742 δε
695 3679 759 3740 τῶν
780 3676 1044 3778 πολιτευομένων
1065 3675 1150 3752 τινὲς
1157 3635 1373 3796 corbariam,

336 3751 381 3835 ὡς
402 3755 466 3840 ε’γω
484 3755 714 3863 πυνθάνομαι,
735 3755 978 3827 κατεακει’·αοαιι
992 3753 1114 3866 ριυτρῖς
1136 3757 1257 3834 ἐξεῖναι
1279 3779 1376 3833 νοιιο-

334 3847 448 3910 θετιῐν
479 3835 533 3907 ὅτ’
560 3835 599 3908 όν
630 3868 682 3921 τις
710 3842 871 3952 βούληται
904 3843 961 3910 καὶ
991 3835 1028 3908 tir
1058 3868 1096 3909 αν
1105 3842 1213 3946 crim
1232 3835 1373 3942 τρόπον,

335 3929 489 3992 τοσοῦτοι
509 3923 620 4006 μέν’
591 3952 623 3994 οι
645 3927 787 3996 ἐναντίοι
807 3951 921 4016 σφισιν
943 3923 1058 4006 αυτοῖς
1085 3921 1150 3992 εἶσὶ
1179 3920 1275 4004 νόμοι
1300 3919 1376 4000 ach,

337 4009 375 4068 ud
403 4033 490 4087 quem
517 4014 613 4074 locum
636 4017 704 4076 vide
725 4037 800 4092 quac
821 4019 969 4078 adnotavit
990 4013 1164 4074 Schnelerus
1187 4012 1244 4071 τοΙ.
1267 4008 1324 4069 lll.
1346 4031 1375 4084 p.

338 4097 409 4160 192,
437 4101 575 4158 orationis
595 4101 791 4173 Muraenae
819 4107 889 4162 170.
912 4099 959 4160 ed.
980 4093 1078 4160 Bella.
1100 4120 1130 4174 p.
1154 4101 1231 4173 369,
1259 4101 1311 4154 20.
1330 4093 1375 4154 ed.
