2974 4588
292 241 336 307 22
685 247 693 260 '
750 231 876 304 cilici.

295 421 328 472 st
352 418 433 470 saror
459 407 569 488 quiricus
588 409 775 486 prohibendus
796 408 831 468 alr
853 409 920 468 aliis
942 407 1070 487 operibus
1091 413 1177 485 esset,
1205 405 1337 468 bellatori

296 513 362 555 cero
382 495 455 554 tolia
477 494 650 553 concedendo
670 492 747 554 sint?
789 491 870 552 Hinc
892 494 1045 553 obscurum
1065 514 1124 552 non
1145 500 1241 568 potest
1262 511 1337 568 esse,

298 599 388 656 quarn
413 579 474 637 vim
500 578 644 652 particula
670 569 736 658 iipa
765 580 797 637 in
819 580 881 636 eins
903 578 982 636 modi
1005 577 1198 637 locutionibus
1218 575 1339 651 habeat,

239 679 241 684 ’
299 683 375 738 quae
397 662 570 738 plerumque
590 671 658 738 post
679 653 764 726 ἀλλὰ
786 665 827 720 ita
847 661 1030 737 adiungitur,
1057 673 1088 720 ut
1111 661 1260 721 interiecta
1282 659 1339 719 ali-

300 767 359 824 qua
386 766 458 806 voce
483 747 613 821 legatur,
645 747 735 804 veluti
768 749 799 805 in
827 745 961 804 Platonis
989 748 1100 805 Critone
1126 768 1157 820 p.
1184 748 1262 822 153,
1288 750 1340 802 13.

226 873 229 884 ,
262 853 264 856 ·
301 831 348 889 ed.
375 828 474 890 Bell.
504 851 535 904 p.
565 837 615 889 47.
645 829 682 888 Ε.
706 829 758 888 ecl.
790 827 831 888 Η.
858 827 963 906 Steph.
991 818 1096 890 'Atio
1118 819 1186 908 μετ’
1212 822 1342 892 ἐκείνου

302 903 369 994 iipor
397 906 477 998 ἡμῖν
503 908 624 995 βιωτὸν
650 909 917 1015 διεφξζαςμένου,
948 899 975 996 ᾧ
999 907 1036 975 τὸ
1058 902 1174 975 ἄδικον
1194 908 1254 990 μὲν
1275 909 1343 973 λω-

301 999 420 1077 βᾶται,
448 993 486 1062 τὸ
516 995 552 1062 δὲ
582 993 709 1060 δίκαιον
738 1015 898 1077 occupem
931 1019 989 1072 quo
1011 999 1044 1056 in
1066 997 1190 1072 locoeu
1212 993 1343 1055 Critonis

302 1102 463 1157 responso,
485 1083 564 1156 quod
584 1083 757 1156 praecessit,
781 1079 914 1140 Socrates
935 1101 990 1155 per
1012 1081 1180 1154 particulam
1204 1067 1269 1163 iipa
1291 1078 1344 1138 de·

302 1165 379 1224 ducit
400 1165 475 1225 hene
494 1185 598 1224 novam
619 1167 893 1240 interrogationem,
915 1171 947 1222 ut
968 1153 1035 1247 ἄρα
1056 1162 1166 1222 Latino
1186 1169 1273 1238 ipitur
1292 1163 1345 1224 vel

301 1251 419 1328 proinde
440 1249 638 1322 respondeat„
662 1245 714 1306 Sic
735 1269 782 1307 res
801 1267 832 1307 se
848 1246 937 1308 lrabet
958 1251 1044 1307 etiarn
1061 1249 1126 1307 aliis
1142 1250 1175 1306 in
1188 1247 1269 1320 locis,
1290 1267 1346 1305 ve-

302 1334 357 1392 luti
380 1335 412 1390 in
432 1333 483 1390 lib.
506 1332 538 1390 de
559 1353 589 1392 ro
609 1331 721 1408 publico
742 1329 786 1391 X.
805 1355 835 1407 p.
859 1335 931 1409 476,
953 1338 981 1392 8.
1004 1330 1047 1390 ed.
1061 1329 1161 1391 Bekk.
1179 1354 1208 1406 p.
1223 1337 1293 1390 600.
1306 1327 1343 1389 G.

304 1416 351 1475 ed.
372 1413 413 1473 H.
435 1412 537 1489 Steph.
568 1405 901 1497 ἆλλὰἸΙρωταγόρας
925 1412 989 1516 μὲν
1015 1404 1083 1499 ὅρα
1104 1409 1121 1475 ὃ
1145 1406 1357 1516 Ἀβδηρίτιὶς,

305 1495 362 1561 καὶ
372 1491 542 1580 Πρόδικος
554 1491 572 1560 ὁ
585 1501 688 1572 lleiog'
701 1494 757 1561 καὶ
772 1492 868 1562 ἄλλοι
883 1497 1081 1576 courcelles
1095 1491 1248 1561 δύνανται
1267 1521 1345 1574 nce,

305 1583 359 1656 qui
379 1581 460 1642 locus
480 1591 575 1642 tamen
596 1582 715 1656 longior
736 1594 790 1655 est,
812 1603 898 1658 quam
919 1591 952 1640 at
970 1586 1060 1657 possit
1081 1603 1099 1639 a
1114 1583 1197 1660 nobis
1210 1580 1258 1640 hic
1274 1585 1346 1642 ube·

303 1668 367 1726 rius
388 1669 510 1742 exponi.
553 1664 687 1727 Ceterum
710 1667 911 1744 conserentur,
941 1687 1015 1743 quae
1036 1666 1173 1726 infredo
1194 1665 1347 1741 particulis

305 1737 373 1834 ἄρα
395 1760 424 1810 et
442 1739 509 1835 ἆρα
529 1771 583 1812 suo
604 1752 667 1811 loco
691 1747 831 1810 dicentur.

122 1881 203 1937 Ἀλλὰ
226 1878 290 1954 γάρ·
388 1881 426 1943 Ρ.
451 1891 499 1944 10.
541 1882 590 1943 ns
610 1885 749 1944 universo
773 1904 827 1942 usu
848 1881 1055 1958 particularum
1078 1874 1163 1948 rili&
1183 1880 1247 1972 γὰρ
1270 1893 1348 1947 recta

199 1989 231 2039 ι’.
248 1987 290 2038 10.
306 1969 447 2043 exposuit
470 1965 626 2027 Derarius.
669 1965 775 2040 Neque
797 1969 876 2026 enim
897 1967 1024 2025 dubitari
1044 1975 1141 2041 potest
1164 1974 1234 2046 quin
1256 1971 1348 2030 altera

306 2051 476 2126 explicandi
496 2053 587 2126 ratio,
610 2071 698 2126 qnam
717 2052 769 2110 ille
790 2053 957 2126 proposuit,
978 2059 1010 2108 ut
1028 2053 1187 2126 particulae
1208 2045 1271 2140 yoip
1292 2075 1348 2115 sna

308 2143 443 2199 servetur
469 2138 532 2211 ris,
564 2138 604 2196 sit
631 2135 832 2194 anteferenda.
878 2132 1034 2194 Praeterea
1061 2137 1187 2196 conferri
1213 2149 1348 2214 possunt,

308 2240 385 2294 quae
406 2217 444 2279 G.
467 2216 507 2278 ll.
529 2216 703 2277 Schaelerus
723 2221 756 2277 in
777 2219 918 2278 Meleteas.
938 2223 999 2278 orit.
1021 2240 1051 2294 p.
1068 2226 1108 2279 76
1124 2241 1191 2295 sqq.
1211 2221 1248 2280 G.
1269 2221 1349 2282 Her·

308 2321 435 2363 mannus
464 2302 501 2362 ad
521 2299 670 2377 Vigerum
695 2324 725 2378 p.
750 2308 812 2362 810
831 2323 875 2376 sq.
903 2300 949 2361 ed.
978 2311 1043 2360 tert.
1073 2301 1109 2362 P.
1130 2303 1290 2367 Elmsleius
1311 2305 1349 2365 ad

308 2384 383 2445 Eur.
409 2387 487 2445 Meri.
516 2407 546 2447 r.
576 2389 668 2445 1035.
698 2385 735 2444 ad
760 2385 903 2444 Heracliti.
929 2407 958 2442 r.
982 2389 1053 2445 481.
1080 2384 1121 2447 A.
1143 2386 1288 2449 Matthiae
1312 2389 1350 2448 ad

308 2467 413 2544 Eurip.
439 2470 583 2528 Phocaica.
609 2491 639 2528 v.
662 2475 748 2544 371„
776 2469 911 2544 denique⁸
927 2465 959 2527 (i.
980 2466 1115 2530 Wexins
1136 2470 1173 2531 ad
1194 2470 1349 2548 Sophoclis

309 2555 484 2628 Antipooom
501 2550 573 2610 Vol.
587 2550 627 2611 ll.
645 2575 674 2627 p.
692 2558 762 2611 139.
781 2553 957 2612 adtulerunt.
998 2551 1047 2612 ne
1059 2551 1177 2614 Latinis
1190 2557 1351 2632 particulis,

311 2638 469 2711 quasiste
492 2636 612 2696 contulit
629 2634 787 2710 Donatius,
811 2646 842 2696 ot
861 2642 935 2696 euim
956 2637 1124 2698 conseratur
1145 2637 1181 2698 F.
1203 2639 1352 2715 Handios,

311 2722 362 2796 qui
389 2723 421 2780 iu
450 2721 608 2782 liuselliao
632 2718 736 2782 roll.
759 2744 790 2796 p.
813 2718 957 2797 lllsqq.
988 2725 1210 2784 accuratissume
1236 2724 1273 2784 de
1301 2723 1350 2785 lais

310 2803 462 2879 particulis
483 2807 630 2878 exposuit,
653 2816 683 2864 et
703 2804 738 2864 de
757 2808 915 2874 coniunctis
935 2807 1085 2877 particulis
1105 2807 1154 2864 secl
1171 2814 1253 2879 enias,
1276 2829 1351 2884 qnae

310 2889 348 2946 ab
371 2889 580 2959 interpretibus
600 2887 694 2944 adlata
716 2899 782 2944 sunt
803 2887 840 2944 al
860 2884 1008 2963 Vigerum
1027 2909 1057 2961 p.
1072 2891 1132 2948 473
1149 2911 1196 2966 sq.
1216 2893 1262 2952 erl.
1276 2900 1353 2969 tert,

295 2969 405 3055 ⁸veluti
427 2967 502 3028 illud
522 2965 648 3044 Virgilii
669 2970 809 3028 Aeneidos
829 2969 882 3028 lib.
902 2967 928 3027 l.
948 2989 977 3030 u.
999 2975 1041 3030 23
1062 2992 1127 3049 sqq.
1179 3001 1188 3018 ·

727 3097 777 3140 Hoc
790 3109 883 3152 reprom
896 3097 937 3140 dea
949 3099 1053 3154 {pentibus
1067 3113 1122 3150 esar,
1193 3111 1197 3122 ⁴

521 3167 542 3207 st
555 3175 600 3218 ‹pru
613 3163 662 3214 fota
676 3165 761 3212 sinuat,
774 3166 820 3208 turri
833 3170 878 3208 turn
891 3167 1005 3227 tendimus
1017 3167 1128 3222 fovetque.

517 3231 652 3286 properiore
665 3231 703 3272 ted
716 3233 775 3274 errtm
791 3234 890 3284 troicum
904 3247 918 3276 o
931 3237 1041 3289 rarrpur'ae
1054 3235 1107 3279 ‹lrrci

411 3333 413 3339 ,
519 3299 636 3345 Audierat.
653 3298 733 3354 Tyrias
748 3301 803 3344 otim
816 3313 873 3356 qrroe
885 3305 978 3346 verteret
991 3313 1064 3345 arcer.

313 3413 343 3466 et
363 3403 469 3470 Ovidii
489 3406 714 3483 Metoororpltos.
738 3407 790 3468 lib.
814 3405 857 3467 Χ.
879 3429 908 3469 v.
933 3415 993 3467 323
1017 3429 1083 3484 sqq.

493 3533 520 3576 st
533 3540 606 3578 tenure
621 3513 752 3578 lacuscin}
766 3541 811 3578 est:
830 3537 869 3578 sert
881 3539 940 3580 cotra
954 3537 1060 3580 deuorare
1072 3541 1166 3590 aeprrtur

441 3627 445 3636 ·
492 3601 552 3644 hanc
570 3605 673 3646 Venerem
683 3604 773 3658 pietus.-
792 3607 916 3658 coenatque
929 3605 1037 3648 carmela
1051 3603 1114 3646 nullo

493 3673 570 3714 cetera
582 3671 673 3714 deiecta.

313 3757 421 3820 Nostra
448 3757 567 3836 quidem
594 3763 696 3838 lingna
718 3763 773 3822 vix
794 3783 949 3838 possumus
965 3759 1025 3824 'lias
1046 3764 1202 3838 particulas
1223 3766 1263 3824 ita
1287 3783 1356 3823 con·

314 3849 448 3920 iungere,
468 3853 499 3904 ut
520 3867 579 3904 uno
603 3849 753 3907 enuntiato
774 3850 986 3925 contineantur,
1008 3851 1068 3908 nisi
1088 3849 1166 3924 quod
1186 3850 1219 3906 in
1238 3851 1356 3923 quibus·
1472 3891 1473 3902 .

314 3927 381 3987 darn
411 3927 483 3988 locis
515 3933 600 3991 nobis
633 3929 701 3991 licet
733 3931 837 3990 eodem
867 3953 988 4008 prorsus
1017 3931 1104 3992 niodo
1135 3935 1178 3990 uti
1205 3931 1356 4006 particulis

315 4011 390 4070 Aba
411 4047 447 4058 —-
466 4013 522 4090 jo,
544 4017 636 4076 relati
656 4019 689 4075 in
706 4015 759 4074 illo
778 4015 989 4094 Aristophanis
1006 4017 1070 4077 loce
1087 4017 1165 4073 Pluii
1184 4035 1210 4077 r.
1224 4017 1284 4074 4¹23
1299 4036 1356 4090 sq,
1472 4007 1473 4082 l

315 4097 366 4158 ubi
387 4119 452 4160 cum
471 4097 678 4175 Blepsidemus
700 4099 839 4162 dixisset:
1170 4145 1172 4149 ι
