2974 4588
344 223 389 293 aa
801 221 930 294 atta.
1033 288 1040 302 .

346 419 413 468 eun
437 395 563 475 quatiam
584 397 779 475 oppositionis
799 399 1012 478 significatione
1035 400 1147 478 aliquid
1167 401 1316 480 adfirmat,
1344 406 1386 466 ita
1438 439 1445 453 ·

345 487 571 561 coniunguntur,
584 493 616 542 ut
627 479 664 566 γὲ
677 486 763 544 istam
775 504 847 561 rem,
862 505 950 560 wem
962 485 1120 546 introducit
1134 475 1220 550 ἀλλὰ
1231 489 1386 564 particula,

345 563 440 645 magis
460 573 548 628 etiam
564 569 682 644 acient,
704 568 795 630 veluti
807 572 841 628 iu
857 571 909 630 illo
921 568 1131 632 Demosthenis
1145 567 1226 630 loco:
1249 563 1308 636 ἐὰν
1326 561 1385 636 οὖν

345 647 433 716 ἀλλὰ
452 653 508 716 νῦν
528 641 554 736 γ’
580 644 630 717 ἔτι
650 642 895 735 ἀπαλλαγέντες
915 647 1041 718 τούτων
1061 649 1240 726 activitatis,
1263 649 1386 799 &3ch-

262 737 265 746 ’
344 756 424 820 opvs
439 729 692 821 στρατεύεσθαι,
714 736 751 796 tle
770 757 828 812 quo
849 736 978 816 diximus
999 759 1088 814 supra
1108 737 1145 796 etl
1166 759 1195 813 p.
1218 744 1248 798 6.
1290 735 1345 798 Μο
1365 762 1383 799 o

179 2592 260 2652 uasa
277 2591 321 2666 δή.

327 841 383 906 ‘ue
404 823 471 895 quis
491 821 646 880 existumet
663 839 751 896 posse
770 823 811 880 sic
830 823 918 881 etiam
937 825 1023 882 metri
1044 841 1145 882 caussa
1158 820 1211 882 has
1224 823 1384 898 particulas

343 903 519 981 trcuspoui,¹
542 912 575 963 ut
606 899 642 986 pti
671 905 824 979 praecedat
853 895 940 969 citici
968 906 1138 982 particulae.
1189 905 1269 968 Nem
1296 928 1387 982 quem

342 983 478 1048 adierunt
508 985 661 1066 Sophoclis
692 988 788 1052 locum
817 1009 856 1050 ex
886 991 1002 1051 Electra
1026 1012 1055 1053 v.
1082 997 1156 1050 411.
1188 987 1234 1052 etl.
1265 987 1383 1052 Brank.

342 1093 372 1136 r.
400 1077 472 1134 40³.
500 1071 547 1134 el.
577 1069 682 1132 Herm.

490 1280 497 1290 ἢ
522 1191 559 1255 'st
576 1204 639 1259 sect
656 1205 787 1278 πατρῷοι,
805 1204 980 1274 συγγένεσθέ
994 1205 1019 1278 γ’
1040 1203 1108 1262 ἀλλὰ
1127 1209 1199 1272 νῦν,

340 1327 383 1388 tat
405 1321 443 1408 γὲ
463 1325 603 1400 particula
624 1328 753 1400 pertinet
773 1325 951 1388 adverbum
976 1325 1192 1411 συγγένεσθε,
1212 1337 1242 1389 et
1260 1326 1316 1388 hoc
1337 1327 1382 1388 ‹li-

341 1411 436 1470 citur:
462 1407 503 1468 Si
525 1407 631 1468 nihil
651 1408 753 1468 aliud
774 1409 1076 1488 faciatis,·certe
1097 1413 1247 1489 adeste,
1277 1413 1382 1473 deiude

341 1491 452 1554 accedit
466 1494 812 1571 temporissiguilicatio:
843 1486 929 1557 ἀλλὰ
944 1495 1022 1572 ἦν,
1044 1499 1077 1556 si
1098 1518 1169 1555 nou
1190 1497 1269 1556 alio
1292 1505 1381 1556 tem·

340 1597 450 1655 pore,
472 1585 509 1636 at
529 1578 799 1652 nuncsaltem,
821 1576 857 1637 al
879 1601 955 1653 quae
972 1583 1061 1640 verba
1080 1582 1140 1638 iam
1160 1601 1214 1656 per
1232 1601 1296 1641 sese
1312 1601 1381 1656 par·

340 1663 431 1722 ticula
451 1657 488 1744 pt
509 1660 586 1722 nihil
602 1664 740 1738 pertinet,
761 1683 822 1726 uon
839 1665 932 1740 magis
946 1685 1034 1740 quam
1047 1666 1080 1723 iu
1094 1666 1239 1740 Antipooo
1252 1685 1280 1724 v.
1295 1667 1380 1739 775,

340 1747 506 1822 allegitur:
528 1739 688 1826 γνώσεται
705 1747 783 1826 γοῦν
796 1736 883 1809 ἀλλὰ
896 1749 1083 1830 τηνικαῦτα,
1104 1748 1178 1806 illud
1211 1748 1279 1823 οὖν,
1301 1748 1379 1822 quod

340 1829 517 1890 adverbum
538 1839 657 1904 spectat,
676 1829 901 1888 consociandum
920 1839 965 1890 est
986 1852 1051 1890 cum
1068 1833 1166 1892 verbis
1187 1767 1272 1894 itti
1290 1852 1380 1912 τηνι-

341 1911 460 1976 καῦτα.
509 1909 646 1971 Geterum
678 1914 743 1971 istis
777 1913 927 1986 particulis
959 1905 1045 1976 ἀλλὰ
1073 1948 1111 1958 -
1140 1911 1176 1994 γὲ
1204 1915 1380 1974 adiiciuntur

339 1999 430 2057 etiam
457 1997 589 2070 reliquae
619 1995 795 2070 particulae,
826 2015 902 2070 quaa
928 1997 996 2058 aliis
1023 1999 1056 2056 iu
1079 1998 1151 2058 locis
1172 2019 1237 2056 cum
1257 1995 1294 2078 γὲ
1313 2019 1379 2073 pcr-
1471 2065 1472 2072 ἵ

339 2080 430 2140 ticuls
456 2082 687 2157 coniunguntur,
718 2078 811 2140 veluti
839 2075 892 2142 τοὶ
919 2083 1076 2158 particula,
1107 2093 1139 2140 ut
1165 2084 1196 2141 in
1223 2079 1378 2157 Sophoclis

338 2166 485 2242 Antipatro
508 2185 539 2223 v.
568 2165 659 2223 1051.
691 2163 815 2238 legitur:
847 2154 938 2226 Ἀλλ’
968 2154 1005 2228 εὖ
1030 2160 1067 2246 γε’
1091 2185 1145 2229 τοι
1166 2157 1318 2236 κάτισθι,
1349 2175 1377 2226 et

332 2244 468 2353 fissos,
499 2250 541 2307 uti
569 2250 601 2307 in
629 2247 759 2308 eiusdem
785 2244 941 2322 Sophoclis
966 2251 1056 2308 Aiace
1082 2270 1111 2308 r.
1136 2251 1226 2309 1349.
1256 2249 1376 2308 dicitur:

332 2322 422 2394 Aii'
446 2321 483 2396 εὖ
504 2351 541 2413 γε
560 2327 672 2411 μέντοι
692 2321 777 2395 τοῦτ’
797 2326 968 2404 ἐπίστασο,
989 2334 1093 2406 quibus
1107 2335 1139 2392 in
1151 2331 1223 2391 locis
1239 2336 1379 2406 quoniam
1470 2365 1471 2378 .

337 2433 440 2477 omues
460 2412 517 2475 hae
538 2416 694 2492 particulae
714 2436 797 2476 scam
817 2417 878 2477 vim
898 2427 1069 2492 servarunt,
1099 2437 1200 2476 earum
1222 2415 1379 2492 explicatio

336 2498 450 2559 nullam
470 2498 587 2560 habehit
607 2497 814 2571 difficultatem.

423 2580 580 2661 Sequitur,
601 2593 633 2643 ut
654 2585 782 2644 dicamus
803 2573 839 2642 (le
858 2582 1007 2658 particulis
1029 2573 1115 2646 <ilici
1137 2574 1189 2666 δή,
1207 2603 1287 2658 ,quae
1308 2605 1377 2659 par-

337 2664 459 2744 ticulae,
487 2671 543 2728 etsi
561 2679 684 2744 utraque
704 2689 786 2729 scam
807 2677 905 2728 servat
925 2668 1003 2743 rim,
1025 2669 1050 2726 si
1073 2667 1188 2742 qnando
1209 2668 1378 2746 coniugatee

336 2754 483 2830 leguntur,
506 2762 603 2812 tamen
623 2751 689 2814 ideo
709 2751 767 2814 lruc
787 2751 934 2812 vocandae
955 2761 1033 2823 sunt,
1056 2749 1133 2826 quod
1151 2773 1239 2826 quom
1260 2755 1377 2827 saepius

337 2839 583 2912 coniungerentur
602 2835 672 2895 illae
693 2835 825 2908 voculae,
844 2833 1054 2893 consuetudine
1071 2835 1185 2894 <licendi
1199 2837 1306 2894 sactum
1321 2847 1377 2913 cst,

336 2927 370 2978 ut
388 2922 469 2993 ipsae
489 2939 606 2994 quoque
627 2939 716 2976 unam
734 2920 817 2992 quasi
841 2919 990 2976 notionem
1012 2921 1177 2991 exprimere
1198 2918 1376 2980 viilerentur.

337 2999 523 3083 Quamquam
553 3005 586 3060 iu
614 3001 687 3062 locis
717 3001 766 3062 his
797 3003 932 3061 omuibus
959 3001 1045 3060 facile
1071 3006 1196 3076 primam
1224 3007 1378 3079 utriusque

335 3087 495 3163 particulae
524 3088 585 3145 vim
617 3087 809 3164 agnoscimus.
850 3083 897 3144 Ac
925 3085 962 3145 dc
989 3087 1130 3162 particula
1151 3078 1236 3149 ἀλλὰ
1258 3087 1377 3162 quidem
1468 3115 1469 3136 t

336 3172 408 3234 setis
438 3179 483 3232 est
511 3169 634 3230 dictum:
661 3169 736 3230 illud
763 3179 876 3243 autem,
905 3167 984 3246 quod
1004 3178 1109 3244 restat,
1138 3165 1178 3252 tlt}
1193 3191 1260 3241 ¹nou
1282 3181 1377 3248 potest

334 3253 454 3313 (labium
479 3274 544 3315 essa
573 3257 645 3331 quic
670 3265 826 3330 cognatum
849 3257 886 3313 sit
906 3253 1067 3328 particulae
1095 3245 1175 3337 ἤδη,
1206 3255 1377 3328 quatiere

335 3337 416 3397 iufra
442 3337 553 3396 dicetur
580 3339 617 3398 acl
645 3360 677 3414 p.
703 3345 754 3398 63.
795 3335 890 3412 ldque
918 3337 1066 3412 siguificat
1086 3338 1149 3396 sere
1171 3338 1266 3414 idem,
1297 3341 1377 3415 quoti

335 3417 513 3480 Latinorum
540 3427 616 3492 iaus,
647 3433 809 3481 nostrorum
831 3421 926 3479 salton.
968 3419 1003 3479 si
1026 3422 1116 3496 igitur
1138 3411 1224 3483 ἀλλὰ
1246 3415 1286 3506 δὴ
1308 3445 1376 3498 par-
1467 3417 1468 3438 ³

336 3503 441 3563 ticulae
463 3505 495 3562 iu
516 3525 575 3562 uno
597 3508 746 3563 enuntiato
768 3505 998 3578 coniunguntur,
1026 3501 1082 3561 hoc
1102 3503 1165 3563 lere
1186 3506 1377 3584 significatur,

336 3586 451 3645 aliam
472 3607 535 3645 rem
556 3589 625 3646 iam
645 3587 682 3646 acl
703 3585 795 3662 illurl,
823 3586 989 3661 quatiente
1011 3585 1117 3644 (lictum
1140 3597 1200 3662 est,
1230 3589 1378 3668 accedere,

335 3673 377 3730 ita
398 3680 430 3729 ut
451 3669 525 3730 illud
546 3675 614 3745 ὶαηι,
636 3671 713 3745 quod
734 3678 851 3746 praeter
873 3671 1089 3744 oppositionem
1107 3673 1226 3746 accedit,
1246 3671 1303 3732 hoc
1324 3695 1379 3734 ex·
1466 3735 1467 3742 χ

269 3745 275 3768 ⁸
335 3757 452 3831 primat,
474 3775 533 3814 uon
554 3757 695 3830 temporis
716 3775 813 3830 neque
835 3753 922 3812 ullius
941 3775 1039 3814 morae
1059 3763 1106 3814 aut
1125 3759 1295 3818 cessationis
1313 3779 1378 3818 mo·
1466 3791 1467 3797 .

334 3849 484 3915 mentum,
515 3838 593 3916 quod
621 3841 785 3915 exspectari
810 3839 953 3915 potuerit,
982 3841 1061 3898 inter
1085 3843 1169 3898 istam
1191 3862 1269 3915 rem,
1301 3865 1379 3918 quae

334 3932 555 3984 commemorata
572 3931 659 3984 autea
676 3932 732 4000 est,
753 3931 840 3999 atque
852 3919 938 3998 hauc,
959 3923 996 3984 tle
1013 3945 1070 3999 qua
1087 3927 1146 3982 iam
1159 3924 1272 3998 dicitur,
1288 3926 1379 3984 iuter-

333 4009 461 4083 positum
483 4027 561 4068 esse:
589 4010 678 4068 immo
698 4029 762 4068 rem
782 4009 877 4086 istum,
898 4007 935 4066 tle
957 4029 1016 4083 qua
1036 4008 1148 4080 dicitur,
1170 4027 1209 4065 ex
1229 4011 1378 4068 actionum
1465 4083 1466 4092 ἵ

335 4093 411 4154 serie
439 4094 513 4154 iam-
528 4094 575 4170 egi
602 4105 732 4170 coeptam
761 4113 834 4154 esse.
887 4091 969 4152 llaec
996 4099 1092 4151 autem
1119 4096 1181 4150 siue
1208 4091 1266 4151 ulle
1293 4113 1379 4154 mora
