2968 4570
306 215 318 242 ἱ

360 235 427 302 558
464 312 465 319 ρ
827 229 940 301 ἔστε.

362 417 422 464 tum
444 401 688 478 Xenophontem,
716 405 766 479 qni
793 405 826 462 lu
848 405 1033 480 Eepctlttione
1055 406 1120 479 Gyri
1143 404 1196 466 lib.
1218 403 1257 470 ll.
1281 429 1352 484 csp.
1378 415 1412 469 5.

362 495 392 563 ς.
417 497 467 548 30.
489 492 600 548 scribit:
625 481 663 548 Ὁ
686 484 722 551 δὲ
743 484 914 569 Κλέαρχος
936 481 1077 570 ἰσχυρῶς
1099 487 1298 564 κατέτεινεν,
1329 488 1412 556 ε”στε

363 569 567 651 διεπράξατο
598 569 696 635 πέντε
722 567 784 648 μὲν
803 567 1006 654 στρατηγοὺς
1026 560 1127 644 εἶναι,
1156 566 1262 637 εἴκοσι
1284 573 1325 638 δὲ
1351 575 1412 638 λο-

360 651 493 736 χαγούς.
517 665 545 714 et
567 655 676 714 ibidem
698 655 749 713 lib.
771 652 825 712 111.
846 675 907 728 cap.
926 659 959 715 ⁴1.
981 659 1010 728 §.
1029 660 1080 713 28.
1121 649 1166 719 Ti
1182 647 1243 719 οὐκ
1261 651 1410 740 ἐποίησε

361 735 520 819 πρέσβεις
545 735 688 814 πέμπων
716 732 772 799 καὶ
801 732 947 810 σπονδᾶς
974 729 1159 808 cincinnos*
1182 737 1342 821 παρέχων
1366 739 1408 804 τὰ

362 817 551 905 ἐπιτήδεια,
581 815 654 884 ἕστε
683 818 836 881 σπονδῶν
868 813 994 896 inopem·
1027 818 1073 880 Ac
1104 823 1148 881 sic
1176 821 1281 881 dicitnr
1313 827 1408 882 etiam

363 897 450 975 iisse,
481 904 641 980 siquando
665 923 748 980 φμοο
771 904 819 960 (lin
840 899 947 960 Latine
970 903 1147 962 reddendum
1169 917 1229 978 est,
1251 907 1349 966 veluti
1375 912 1406 966 in

361 985 570 1063 Xenophontis
599 987 831 1046 anornlrililns
860 989 987 1046 Socratis
1016 987 1068 1046 lib.
1092 987 1120 1045 1.Ι
1145 1010 1209 1062 cop.
1232 997 1263 1049 2.
1295 995 1324 1064 §.
1357 997 1404 1051 18.

366 1061 451 1133 otoo
475 1062 668 1134 discinctum
688 1069 926 1151 σωφρονοῦντε,
951 1061 1024 1131 ἔστε
1038 1065 1210 1150 Σωκράτει
1227 1068 1405 1156 συνίστην,

361 1144 401 1214 οὖ
430 1149 626 1235 φοβουμένω
645 1145 690 1234 μῆ
710 1147 875 1232 ζημιοῖντο
899 1141 918 1234 ἢ
936 1150 1089 1214 παίοιντο
1110 1149 1174 1216 ὑπὸ
1191 1153 1404 1236 Σωκράτους,

360 1227 430 1298 ἀλλ’
463 1229 603 1311 οἰομένου
630 1228 705 1296 τότε
731 1227 905 1314 κράτιστον
933 1221 1018 1296 εἶναι
1045 1235 1143 1298 τοῦτο
1170 1231 1345 1320 ruptionem.¹
1375 1251 1404 1297 et

297 1343 299 1346 ’
360 1322 393 1378 in
417 1317 544 1379 Arriani
569 1319 678 1398 Erpcd.
707 1317 790 1375 Ales.
819 1316 871 1378 lib.
897 1314 938 1375 11.
965 1337 1029 1390 cep.
1053 1325 1101 1376 11.
1127 1323 1155 1392 ᾗ.
1177 1325 1208 1379 8.
1245 1311 1403 1395 :stitus-
1473 1381 1474 1384 ,

189 1569 271 1628 'Eos'
291 1568 327 1627 liv

84 1699 87 1708 .
178 1662 233 1696 num
247 1646 343 1694 indicu-

228 1715 292 1763 iimo

360 1401 440 1484 ὄρος
460 1396 521 1482 γὰρ
544 1395 617 1464 i'ore
638 1395 698 1476 μὲν
719 1391 808 1483 φάος
828 1389 875 1482 ἢν,
898 1389 961 1460 ἀνὰ
978 1393 1098 1482 κράτος
1115 1397 1258 1465 ἐδίωκεν.
1288 1401 1328 1462 Et
1347 1402 1402 1463 hac
1473 1435 1474 1464 t

360 1484 479 1558 quidem
504 1482 718 1560 significatione
748 1501 836 1557 saepe
864 1503 985 1558 numero
1009 1483 1045 1542 nd
1069 1475 1143 1548 ἕστε
1165 1483 1337 1560 adiungitur
1362 1482 1402 1548 ἂν
1473 1497 1474 1500 ’

360 1569 501 1643 porticula
529 1579 558 1627 et
585 1567 688 1626 dicitur
712 1557 780 1628 ἴστ’
808 1557 847 1628 iin
874 1587 937 1624 cnm
968 1565 1125 1626 indicativo
1150 1571 1318 1645 praeteriti,
1349 1573 1401 1628 nbi

360 1653 486 1728 simplex
517 1643 590 1714 ἕστε
617 1649 653 1707 ed
682 1651 856 1709 sententium
878 1651 946 1708 sutis
969 1670 1031 1708 esse
1053 1649 1195 1709 videntur.
1237 1649 1273 1709 ld
1295 1674 1400 1726 qnam·

361 1757 447 1808 quom
478 1755 572 1808 nuper
595 1735 682 1792 etium
708 1734 867 1792 novissumi
888 1733 1011 1792 editores
1033 1729 1177 1792 Thesauri
1200 1731 1400 1809 Steplsnniani
1473 1805 1474 1808 ρ

358 1819 417 1876 rol.
438 1815 493 1874 Ill.
516 1839 546 1890 p.
569 1819 661 1874 2009.
686 1813 724 1872 Β.
746 1817 889 1874 soloecnm
913 1835 975 1874 esse
995 1819 1273 1892 pronuntiaverunt,
1299 1829 1399 1878 temen

359 1908 417 1958 tem
439 1899 607 1969 frequenter
628 1897 750 1956 hebetur
770 1901 800 1956 in
822 1900 935 1972 scriptis
957 1919 1093 1958 maxume
1114 1901 1309 1972 posteriorum
1328 1905 1399 1961 scri·

359 1991 492 2056 ptornm,
516 1990 545 2038 ut
566 1989 674 2040 temere
695 1988 763 2056 ngst
784 1982 836 2053 qni
857 2001 896 2038 er
918 1983 1052 2040 omnibus
1073 1983 1147 2041 locis
1166 1983 1196 2040 id
1218 1983 1322 2042 tollere
1346 2005 1398 2042 re-

358 2069 409 2138 lit,
436 2065 606 2140 praesertim
636 2084 700 2120 cum
729 2063 829 2122 eadem
857 2067 1030 2123 constructio
1054 2077 1080 2123 et
1105 2067 1135 2123 in
1157 2065 1224 2126 eliis
1243 2067 1395 2141 particulis

358 2149 482 2215 admissu
500 2149 546 2226 sit,
563 2169 620 2222 qne
639 2147 674 2204 de
692 2167 723 2204 re
741 2147 806 2206 ride
820 2165 894 2221 quoe
908 2168 995 2222 snprn
1011 2169 1038 2221 p.
1052 2153 1112 2207 468
1127 2170 1193 2222 sqq.
1208 2152 1239 2208 in
1257 2146 1314 2212 ἐὰν
1329 2171 1395 2224 poar-

358 2235 443 2291 ticula
466 2233 608 2306 expilicntu
628 2240 710 2302 sunt,
741 2239 768 2288 et
793 2233 826 2288 iu
848 2230 900 2290 lino
923 2233 1039 2304 quidem
1064 2235 1203 2306 particule
1226 2237 1300 2292 ratio
1323 2235 1394 2292 loci·

356 2316 394 2374 lis
418 2314 499 2373 reddi
522 2325 607 2414 ‹pueut
631 2334 717 2388 qurum
740 2314 776 2370 ob
799 2333 858 2371 rem
881 2307 948 2375 ἔσθ
974 2306 1013 2375 din
1035 2319 1130 2388 potins
1150 2337 1212 2374 cnm
1237 2317 1394 2374 indicativo

357 2417 444 2470 quem
469 2387 524 2458 ἔστ
562 2387 602 2458 tin
625 2409 687 2454 cnm
711 2398 893 2454 coniunctiro
916 2417 1023 2470 ponere
1047 2399 1167 2456 mellent
1190 2401 1300 2472 optumi
1323 2403 1394 2459 scri·

358 2491 468 2554 ptores.
500 2477 578 2537 lllnd
601 2482 676 2536 euim
699 2481 759 2536 inm
778 2499 866 2552 supro
889 2479 1052 2550 explicavi,
1075 2475 1247 2550 {similene
1267 2484 1393 2542 similes·

356 2583 414 2636 que
436 2563 588 2636 particulas
610 2573 669 2618 tum
690 2571 768 2620 recte
786 2584 850 2622 cnm
872 2563 1029 2620 indicativo
1050 2566 1177 2622 construi
1199 2567 1343 2638 potuisse,
1365 2567 1392 2624 si

357 2649 422 2719 quis
451 2667 508 2704 non
536 2654 593 2704 tum
621 2648 767 2704 internum
792 2667 885 2703 rerum
911 2643 1105 2704 condicionem
1129 2668 1214 2721 quem
1240 2659 1393 2706 externam

355 2732 493 2803 temporis
514 2727 738 2802 descriptionem
758 2748 868 2802 ponere
891 2729 994 2786 vellet:
1018 2729 1095 2801 quod
1116 2732 1164 2787 nbi
1185 2731 1285 2804 lieret,
1305 2729 1392 2804 illud,

355 2813 433 2886 quod
447 2815 558 2872 incerti
580 2803 621 2870 inin
638 2811 777 2885 particule
799 2809 940 2884 adferret,
969 2811 1030 2869 dixi
1052 2814 1202 2872 terminari
1223 2815 1262 2871 in·
1276 2816 1337 2886 ipsu
1360 2816 1392 2871 ri
1473 2861 1474 2878 ,

355 2897 529 2968 particulae,
560 2914 683 2966 quocum
704 2894 861 2966 compositu
886 2905 977 2965 esset,
1001 2916 1064 2953 cnm
1087 2907 1200 2970 contro,
1223 2902 1248 2954 si
1269 2900 1391 2954 coniun-

354 2980 460 3034 ctirum
488 2995 631 3049 poneres,
657 2978 773 3034 interne
798 2979 840 3033 rei
868 2976 999 3035 condicio
1023 2975 1147 3036 describi
1170 2983 1254 3036 nobis
1278 2980 1390 3038 ridere·

355 3069 411 3117 tur.
456 3058 616 3117 Externum
636 3067 732 3118 sutem
753 3061 890 3132 temporis
912 3059 1135 3134 descriptionem
1157 3069 1279 3136 apparet
1299 3063 1391 3135 potis·

352 3162 468 3202 sumum
492 3143 583 3200 locum
607 3141 713 3200 hebere
737 3143 768 3200 in
789 3134 862 3204 e’lrce
883 3144 1042 3216 particula:
1064 3148 1161 3218 itaque
1181 3143 1259 3217 qnod
1276 3145 1389 3202 inullis

353 3227 500 3300 particulis
522 3229 615 3284 ruricus
639 3227 793 3285 edmissnrn
820 3240 879 3300 est,
910 3226 1025 3284 videtur
1048 3228 1079 3284 iu
1102 3225 1156 3285 linc
1178 3228 1318 3300 particule
1344 3228 1388 3284 ‹ti-
1437 3227 1439 3230 ’

352 3311 436 3368 cendi
459 3309 667 3370 cousuetudine
689 3330 763 3384 pene
785 3309 956 3384 legittimum
978 3310 1187 3382 facturusne,
1212 3320 1244 3368 ut
1267 3301 1330 3372 ibr'
1350 3301 1390 3368 iis

353 3413 417 3449 oum
439 3392 598 3452 indicativo
621 3392 773 3464 diceretur,
799 3394 845 3449 ubi
871 3404 991 3450 externe
1017 3401 1128 3452 tuntum
1146 3413 1243 3452 rernm
1258 3391 1387 3450 condicio

352 3484 543 3549 spectaretur,
566 3497 630 3534 cum
651 3477 831 3532 coniunctivo
853 3489 947 3533 utitem
969 3485 1029 3534 tum
1051 3477 1121 3534 illae
1142 3477 1299 3550 pnrticnlne
1319 3495 1389 3532 cou-

351 3559 557 3632 iungerentur,
586 3559 635 3614 nbi
665 3560 778 3614 interne
803 3575 898 3614 rerum
924 3561 1087 3616 coniunctio
1109 3559 1279 3617 deolursndn
1302 3567 1387 3616 esset.

351 3637 386 3698 si
409 3644 475 3714 quis
499 3649 594 3698 nutem
616 3647 750 3711 quaeret,
780 3642 880 3697 curin
903 3639 1042 3700 his'locis
1066 3639 1172 3700 Graeci
1194 3661 1251 3699 non
1276 3640 1387 3698 mulsos·

351 3727 410 3781 rint
433 3717 506 3785 ἔστε
527 3721 698 3795 simpliciter
719 3741 841 3795 ponere,
864 3743 950 3796 quem
970 3727 1210 3783 constructionem
1230 3726 1313 3782 istum
1336 3723 1388 3780 sni-

351 3827 407 3865 nns
424 3807 557 3863 usitatum
574 3805 738 3878 admittere,
761 3807 789 3863 ei
810 3803 865 3862 lioc
881 3805 1113 3881 respondendum
1128 3808 1250 3877 ridetur,
1268 3808 1293 3864 si
1314 3798 1388 3867 ἔστε

350 3891 416 3948 sino
441 3883 480 3950 irin
501 3889 640 3964 particulo
663 3899 798 3963 ponetur,
820 3893 973 3948 terminum
995 3891 1078 3949 illum
1102 3892 1164 3948 sine
1187 3889 1246 3946 ulls
1265 3892 1387 3946 circum-

350 3974 504 4044 scriptione
525 3975 613 4046 poni,
634 3993 713 4030 nunc
732 3983 829 4032 nutem
850 3972 881 4030 id
903 3977 1037 4047 quidem,
1060 3973 1136 4046 qssod
1157 3971 1299 4032 iudicetur
1323 3991 1387 4044 pnr-

248 4095 254 4102 .
350 4055 449 4128 ticulo,
488 4055 524 4110 ed
550 4058 761 4128 experientium
787 4050 920 4130 apposito
949 4049 989 4118 iio
1016 4055 1156 4129 particule
1184 4056 1329 4129 revocari,
1357 4067 1388 4113 et
