2980 4574
280 215 347 284 ull
759 212 844 284 aui.

288 384 445 448 Praeterea
476 385 665 446 coutuntur
694 404 771 462 quae
795 384 899 446 adtulit
924 379 1058 463 Vigenna
1084 407 1116 462 p.
1138 386 1212 448 5⁴5.
1232 393 1263 446 et
1284 384 1330 448 G.

281 468 473 532 Hermanno
497 475 532 530 iu
558 471 743 530 adnotatione
765 491 797 545 p.
818 476 909 543 ata,
935 477 997 528 trun
1020 468 1062 532 G.
1084 470 1126 532 Η.
1149 467 1331 532 Sclaet'erua

282 555 320 613 ad
343 555 442 628 Long.
474 577 503 630 p.
527 560 599 614 300.
621 577 686 613 τοττι
704 553 871 613 Abreecltio
890 551 974 613 Leet.
995 553 1177 615 Aristaenet.
1200 577 1229 628 p.
1252 559 1329 624 ²52·

283 643 371 702 etad
399 638 545 714 Aeschyli
573 638 728 698 Eumenid.
758 645 845 714 400,
872 639 1002 712 denique
1022 637 1075 698 Fr.
1099 638 1230 698 Ellendt.
1250 643 1327 697 Les.

284 729 371 806 Sepla.
393 722 452 782 rol.
473 720 499 784 l.
520 743 551 796 p.
573 727 646 780 884.
666 731 696 780 et
720 719 865 797 llartung.
885 722 944 782 rol.
965 721 991 781 l.
1012 745 1042 798 p.
1067 730 1124 782 181
1146 744 1192 797 sq.

368 823 418 882 De
444 821 594 896 particulis
622 816 679 884 καὶ
705 815 762 902 δή,
789 843 864 897 quae
886 833 938 879 aut
956 832 982 880 et
1006 829 1066 882 iarn
1088 827 1215 882 aulient
1238 824 1330 880 etiarn

283 909 465 985 eiguilicaet,
493 905 652 980 dieputarit
679 905 798 978 quidem
827 904 976 966 Dereriue
1000 908 1060 966 rol.
1082 905 1107 966 l.
1135 928 1166 981 p.
1190 907 1249 963 115
1276 923 1327 977 eq.

284 993 460 1069 separatim,
486 989 537 1048 aeti
557 993 600 1047 ita
620 988 793 1065 disputarit,
816 1000 846 1048 ut
870 1011 956 1048 unam
979 999 1092 1048 tautum
1112 1010 1212 1049 earum
1235 991 1330 1061 parti·

284 1079 416 1144 ωΙιῃιτο
433 1071 676 1148 significationem
695 1075 847 1132 obtineret.
879 1071 947 1152 Qua
965 1093 998 1132 re
1014 1072 1087 1133 haee
1106 1095 1162 1150 ego
1180 1072 1327 1131 alliciam.

369 1174 501 1235 Primum
530 1167 586 1234 καὶ
613 1166 653 1255 δὴ
683 1171 806 1246 dicitur,
838 1181 869 1230 ut
896 1173 929 1232 id
955 1174 1127 1250 simpliciter
1153 1155 1328 1246 respoudeat

286 1259 437 1337 particulis
453 1255 571 1314 Latiuia
591 1265 618 1313 et
633 1261 702 1328 iam,
723 1256 914 1336 quaaliquil
933 1257 1101 1334 adiungitur
1121 1261 1165 1316 ita
1186 1256 1220 1314 ad
1244 1263 1327 1313 aute-

287 1344 438 1414 cedeutia,
468 1349 498 1398 ut
523 1359 600 1397 nuuc
628 1359 669 1398 ex
696 1341 800 1398 ordine
825 1361 924 1399 rerum
944 1345 1002 1400 iam
1024 1342 1111 1400 etiarn
1131 1339 1188 1398 ltoc
1208 1339 1244 1396 arl
1266 1338 1326 1396 alia

287 1428 422 1486 accedere
445 1423 565 1482 dicatur.
607 1421 722 1504 Quibus
743 1426 775 1483 iu
795 1423 948 1482 luciacum
970 1419 1010 1506 δὴ
1035 1425 1177 1500 particula
1196 1423 1325 1497 plerum·

288 1532 346 1586 que
375 1508 554 1583 singularem
576 1507 720 1580 quantiam
744 1509 896 1566 notionem
914 1507 1034 1582 efferet,
1059 1509 1123 1568 lere
1144 1507 1247 1565 dicitur
1269 1498 1326 1566 eal

288 1581 328 1639 -ἶ
351 1589 390 1677 δὴ
418 1593 591 1667 interposita
611 1611 645 1649 ea
666 1611 751 1666 voce,
782 1611 857 1666 quae
884 1590 1022 1664 effertur,
1047 1612 1105 1666 qua
1134 1589 1169 1649 de
1195 1611 1229 1649 re
1256 1587 1325 1646 ride

287 1698 363 1753 quae
388 1696 477 1749 cupra
504 1697 533 1748 p.
556 1678 618 1732 414
639 1695 705 1748 sqq.
731 1675 960 1750 explicavimus,
986 1683 1035 1732 aut
1055 1677 1080 1734 oi
1100 1677 1241 1749 premitur·
1260 1675 1325 1746 ipae

179 1817 187 1827 ,
286 1764 366 1818 notio
393 1755 432 1840 δὴ
453 1758 618 1832 particulae,
638 1757 815 1832 plerumque
833 1759 969 1833 pleniore
988 1758 1083 1816 forme
1104 1752 1161 1819 καὶ
1176 1753 1238 1842 ἤδη
1255 1755 1325 1813 ‹liei-

287 1850 352 1915 tur‚
375 1859 451 1914 qnae
471 1840 628 1914 particulae
648 1860 737 1912 quem
757 1841 794 1898 ad
814 1843 933 1900 modum
952 1840 1168 1919 intellegendae
1187 1843 1245 1899 aiut
1265 1859 1325 1896 uon

285 1927 395 1999 poterit
416 1923 569 1980 obscurum
593 1941 665 1979 esse.

304 2037 310 2048 ι
367 2004 486 2078 Deinde
515 2024 602 2078 saepe
631 2023 750 2062 numero
779 1997 836 2067 καὶ
864 1998 904 2088 δὴ
928 2008 970 2065 ita
991 2005 1097 2065 lictum
1121 2014 1184 2080 eet,
1217 2011 1249 2063 nt
1271 1999 1327 2066 aul

121 2095 189 2124 ‘⁰⁷¹¹
210 2093 225 2123 ¹‘
243 2110 252 2128 ·
285 2110 346 2150 nou
367 2101 424 2148 tam
444 2090 654 2146 coniunctiram
672 2090 732 2146 rim
750 2084 888 2163 haberet,
910 2090 965 2149 secl
983 2093 1122 2148 maiorem
1140 2093 1223 2148 istam
1241 2093 1327 2146 etiarn

284 2194 357 2249 prae
379 2173 531 2232 ecferret.
572 2167 608 2229 ld
632 2169 744 2230 Latino
766 2191 900 2231 sennoue
921 2173 998 2232 dicae
1017 2179 1162 2244 continuo,
1188 2193 1222 2230 ao
1246 2171 1326 2240 elea,

286 2278 345 2332 qua
362 2255 398 2314 rie
415 2270 448 2314 re
466 2255 536 2314 ride
553 2275 627 2329 quae
647 2251 766 2330 praeter
779 2253 938 2314 Derarium
957 2255 979 2314 l.
991 2256 1012 2315 l.
1025 2255 1184 2330 explicarit
1198 2253 1237 2314 G.
1248 2253 1326 2312 ller-

285 2359 408 2398 manuue
430 2337 466 2396 ad
484 2335 631 2415 Vigerum
654 2359 683 2413 p.
707 2343 779 2397 829.
801 2348 878 2414 etp.
901 2344 973 2399 837.
995 2339 1042 2399 etl.
1059 2337 1146 2415 tert,
1167 2350 1227 2397 tum
1247 2336 1327 2396 Har·

286 2424 405 2497 tongins
426 2422 486 2481 rol.
506 2419 533 2480 l.
555 2443 585 2496 p.
606 2425 667 2480 253
685 2442 752 2496 sqq.
794 2419 834 2480 Et
855 2443 990 2482 maxume
1010 2423 1126 2497 quidem
1148 2425 1179 2481 in
1203 2441 1325 2496 respon-

285 2509 370 2566 eione
396 2523 448 2564 eae
474 2505 632 2580 particulae
658 2513 814 2580 usurpatae
835 2515 919 2580 aaut,
950 2507 1044 2567 veluti
1064 2511 1098 2567 iu
1118 2503 1325 2582 Aristophanis

283 2589 391 2648 Aoum
413 2608 441 2649 r.
466 2593 527 2648 179
550 2608 617 2664 eqq.
638 2586 844 2648 Piathctltaero
865 2590 989 2649 «licentis

506 2711 635 2786 Ἂηθες,
657 2707 679 2801 ᾧ
698 2711 858 2775 σκαιότατον
872 2717 985 2792 εἰρηκώς
1000 2719 1080 2789 ἔπος,

513 2789 620 2855 βλέψον
637 2803 720 2842 eoru.

283 2903 443 2980 respondet
465 2901 584 2982 Epope!

846 2987 904 3041 Kal
920 2985 955 3056 ciri
974 2991 1076 3057 βλέπω.

283 3109 314 3164 et
334 3101 435 3164 colem
456 3103 542 3165 modo
561 3105 593 3165 in
616 3107 654 3166 iie
674 3106 760 3184 lucie,
781 3130 855 3186 quoe
876 3114 975 3186 poenit
996 3111 1143 3172 Devarine
1162 3105 1193 3188 p.
1218 3113 1287 3171 115.

369 3185 445 3246 Tum
478 3192 509 3248 in
538 3190 666 3265 apodoat
688 3211 775 3269 saepe
802 3215 923 3254 numero
954 3215 1006 3254 eae
1037 3197 1195 3270 particulae
1224 3196 1322 3255 locum

281 3269 407 3347 labent,
428 3273 470 3330 nti
490 3275 522 3332 in
542 3272 751 3350 Xenophontis
772 3283 902 3338 Haterio
920 3281 1030 3338 Graece
1050 3280 1103 3339 lib.
1125 3279 1181 3339 Vl.
1205 3299 1268 3356 στρ.
1289 3283 1321 3338 4.

283 3359 313 3427 ς.
328 3361 376 3413 13.
405 3347 498 3418 Ἐπεὶ
522 3353 559 3421 δὲ
576 3352 698 3440 ἤρξατο
716 3353 804 3440 ἄγειν
815 3397 866 3436 -,
880 3357 936 3424 καὶ
950 3357 1000 3444 tiis
1009 3354 1042 3424 oi
1058 3356 1177 3438 ἱππεῖς
1191 3363 1322 3443 συνεβο-

278 3431 456 3542 ρλήκεσαν.
475 3445 504 3496 et
520 3441 552 3497 in
567 3441 697 3500 eiusdem
707 3445 891 3519 Expeditloae
903 3444 968 3517 apt
983 3445 1034 3502 tib.
1048 3443 1072 3504 l.
1088 3467 1151 3521 cap.
1166 3451 1212 3504 10.
1228 3449 1257 3518 §-
1271 3453 1320 3506 10.

284 3519 330 3580 Εν
355 3507 422 3604 pide
448 3520 566 3606 carica
581 3519 808 3602 ἐβουλεύοντο,
839 3521 895 3587 καὶ
915 3523 955 3609 δὴ
975 3524 1133 3604 βασιλεὺς
1153 3549 1322 3611 παραμετ-

282 3593 435 3686 ψάμενσς
466 3595 516 3678 εἷς
545 3599 583 3666 τὸ
616 3595 696 3667 οὔτὸ
727 3607 833 3688 σχῆμα
863 3607 1061 3691 κατέστησεν
1089 3607 1237 3674 ἐναντίαν
1263 3608 1322 3696 τὴν

282 3678 445 3827 φάλσὸγο.
461 3681 645 3788 ὥσπερ,τόἱ
657 3683 791 3788 πρῶτον
810 3683 1013 3768 μαχούμενος
1035 3688 1157 3796 συνῄει..
1175 3779 1184 3795 .

400 3789 503 3844 curque
531 3791 586 3832 και
608 3767 648 3852 δη
674 3771 830 3845 particulae
850 3791 939 3850 caepe
962 3795 978 3834 a
1002 3775 1121 3838 Graecae
1142 3778 1184 3836 alu
1205 3797 1321 3852 pouue·

282 3857 345 3928 tur,
373 3853 424 3910 ubi
451 3852 578 3928 aliquid,
600 3853 678 3929 qnod
698 3855 827 3915 nondum
853 3865 913 3933 cat,
941 3862 1000 3917 iam
1019 3861 1127 3920 sactum
1150 3881 1214 3920 esse
1234 3863 1321 3936 poni·

284 3953 365 4022 mue,
386 3935 477 3994 veluti
498 3939 531 3996 iu
551 3935 702 4014 Euripidis
721 3941 825 4000 Medea
845 3961 874 4001 v.
897 3947 969 4001 380.
992 3971 997 3974 ·

491 4067 546 4120 Kal
564 4064 598 4135 δὴ
619 4071 742 4124 τεθνᾶσι·
760 4075 801 4134 τίς
816 4088 853 4142 με
869 4072 972 4132 δέξεται
990 4069 1085 4139 πόλιες
