2968 4570
240 227 395 304 v‘aar
601 329 602 332 Ὺ
766 215 921 322 aa,

218 417 222 424 '
328 407 428 481 ginem
456 425 489 464 ae
518 422 617 465 reram
644 405 705 464 rim
738 413 767 464 et
794 409 965 480 pertentatam
994 405 1273 478 rocie'epectemue,
1305 424 1368 462 non
1462 399 1463 416 l

328 511 416 566 pesae
447 487 522 548 alio*
537 491 643 548 reterri
676 490 737 548 niei
769 490 806 548 al
838 491 960 547 verbnm
992 481 1134 550 εἰδέναι·
1184 485 1369 548 observasse

329 577 409 632 enirn
430 573 628 652 milririieor
647 573 746 648 plures
764 571 895 631 Graecae
906 571 1026 646 liuguae
1043 571 1200 644 particulae
1221 571 1258 628 ad
1275 574 1368 630 verba

329 659 499 716 referendae
520 677 601 730 ease,
624 677 711 730 qnam
731 659 818 733 volgo
836 656 922 714 video
941 657 1018 714 lieri.
1059 651 1095 712 ln
1113 655 1178 712 eliis
1196 663 1294 714 eutem
1312 654 1368 714 lroc

329 745 423 816 magia
455 748 567 814 exstat,
596 750 628 798 nt
654 742 685 798 in
707 729 888 821 riperticnla
909 748 1034 812 atquae
1057 741 1096 798 ex
1115 759 1150 798 ea
1172 748 1241 796 nata
1263 747 1309 798 eet
1331 731 1367 820 ἢ,

329 827 362 882 iu
391 825 457 883 aliie
485 827 582 884 minue
610 832 748 899 apparet,
778 826 820 884 uti
847 826 880 882 in
908 821 963 880 liae
989 822 1129 895 particula
1151 812 1215 905 ἤδη
1240 834 1368 897 atquae
1462 869 1463 874 ,

251 929 255 940 ·
329 907 399 968 inrle
423 910 524 966 ductae
553 917 621 966 eunt
648 903 688 990 tir}
718 915 746 966 et
777 904 824 970 δέ.
868 903 908 966 Ut
937 915 1032 964 autem
1060 903 1112 963 liae
1141 906 1297 980 particulas
1329 906 1367 964 ad
1462 919 1463 956 l

329 992 411 1050 illam
428 994 570 1066 originem
584 1011 725 1064 revocem,
747 999 907 1051 memoret
927 1010 991 1047 cum
1013 991 1078 1063 ipsa
1098 989 1194 1046 forma
1212 989 1294 1047 illine
1316 1007 1367 1048 ro-
1462 1015 1463 1036 i

329 1079 371 1133 cie
407 1076 638 1148 antiquisauma,
670 1093 745 1148 quae
776 1082 821 1133 eat
852 1065 934 1157 ἤδη,
969 1081 1028 1130 tum
1060 1073 1147 1130 etiam
1179 1073 1367 1148 significatio.
1462 1107 1463 1144 3

249 1195 250 1198 =
328 1156 406 1218 Nam
434 1177 522 1231 quom
551 1173 586 1214 ea
614 1158 772 1231 particula,
800 1160 842 1216 uti
872 1167 947 1215 recte
972 1159 1030 1213 iam
1050 1165 1163 1214 veteres
1188 1159 1366 1229 grammatici
1462 1199 1463 1230 ,

328 1240 486 1316 viderunt,
519 1239 668 1300 delinitam
698 1243 766 1300 certi
796 1243 920 1300 alicuine
954 1241 1093 1314 temporie
1123 1240 1365 1314 niguilimtionem
1462 1273 1463 1288 2

213 1349 216 1358 ’
329 1345 389 1383 nou
415 1323 538 1398 habeat,
568 1345 655 1397 quam
682 1323 789 1383 liabent
809 1327 893 1384 verbi
916 1343 1018 1382 mnaso
1038 1323 1175 1381 vocabula
1196 1324 1270 1394 νῦν,
1298 1317 1365 1386 πά·
1462 1337 1463 1370 l

282 1410 286 1416 ’
330 1407 403 1477 lar,
432 1401 522 1475 τότε,
553 1409 694 1467 referatur
712 1417 809 1466 autem
831 1408 867 1466 arl
892 1410 988 1465 omnia
1011 1409 1066 1464 tria
1088 1414 1235 1480 ternpore,
1260 1417 1291 1464 ut
1313 1407 1365 1466 illa

329 1493 366 1549 tle
389 1489 435 1548 lrie
459 1491 600 1566 singulis,
621 1493 717 1566 prouti
739 1501 920 1566 comparatae
942 1499 1017 1549 totus
1038 1489 1119 1548 locun
1137 1498 1199 1565 eet,
1222 1489 1365 1564 adlirmet,

267 1631 270 1639 ,
328 1575 415 1633 facile
442 1575 625 1648 intellegitur
650 1579 734 1634 ictam
757 1576 925 1650 particulam
950 1564 1202 1632 nullam'omniuo
1226 1593 1279 1648 per
1299 1595 1365 1634 nese

330 1661 467 1732 temporis
500 1659 744 1734 significationem
776 1658 901 1732 habere,
938 1657 989 1717 ned
1020 1667 1132 1716 tantum
1164 1656 1250 1715 morlo
1282 1678 1364 1730 eam,

330 1761 420 1814 quam
444 1762 531 1815 arrpra
558 1735 588 1816 p.
616 1747 686 1800 ³97.
715 1741 798 1816 dixi,
824 1741 1012 1818 temporalem
1037 1739 1277 1800 arllirmatiouem.
1321 1740 1365 1800 Ee

328 1834 425 1881 eutem
451 1835 517 1880 nata
544 1835 587 1882 est
613 1844 654 1882 ex
679 1827 768 1882 verbo
796 1822 873 1908 ἤδη,
900 1833 931 1882 nt
957 1821 1012 1883 hoc
1032 1827 1091 1882 iarn
1112 1823 1254 1900 significet
1276 1827 1365 1899 parri·

329 1906 392 1966 cula
409 1899 480 1988 ἤδη,
503 1925 589 1979 eum,
611 1910 671 1979 qui
693 1907 873 1982 loquitor,
893 1909 937 1966 de
957 1927 998 1966 ea
1018 1925 1070 1982 re,
1088 1907 1129 1966 (le
1150 1928 1222 1981 qua
1245 1929 1363 1967 sernia

171 1980 187 1990 ..
219 2061 223 2067 Ι
329 1998 402 2063 eet,
431 1991 539 2062 quani
568 1993 636 2060 iam
665 1993 748 2065 ipso
776 1991 875 2049 lacto
900 1993 1164 2066 cognovisset,
1184 2001 1363 2050 etatnere.

327 2070 377 2132 Ac
397 2075 421 2131 ei
443 2073 621 2148 quisdicat,
643 2075 673 2132 id
694 2076 788 2150 magia
808 2073 845 2134 ad
864 2085 975 2148 tempus
995 2078 1195 2148 praeteritum,
1218 2095 1305 2149 qnam
1328 2075 1364 2133 arl
1462 2109 1463 2118 κ

327 2171 467 2231 praesens
494 2167 541 2216 aut
567 2160 653 2217 etiem
672 2159 801 2216 sutorum
822 2161 969 2233 pertinere
992 2160 1102 2230 videri,
1131 2170 1206 2218 recte
1228 2159 1280 2218 ille
1300 2162 1363 2234 qui·

328 2239 396 2298 dem
416 2241 617 2316 ratiocinatur,
647 2245 672 2300 ei
701 2245 822 2317 primam
844 2241 1002 2316 particulae
1027 2245 1169 2316 originem
1191 2259 1363 2317 epecramue,
1462 2255 1463 2258 ’

328 2343 431 2382 verrem
462 2332 559 2381 tamen
580 2345 734 2400 poscumus
755 2328 842 2383 etiam
862 2326 899 2384 de
921 2345 952 2384 re
973 2328 1119 2400 praesenti
1141 2335 1191 2383 aut
1206 2325 1305 2384 sutura
1324 2329 1364 2385 ita

208 2457 210 2466 ,
328 2413 475 2481 statuere,
502 2410 587 2480 quaei
613 2409 671 2467 iam
700 2408 738 2465 erl
762 2409 868 2466 lactem
898 2428 1027 2468 caussam
1055 2411 1110 2468 ieta
1137 2409 1291 2468 reserenda
1315 2413 1363 2468 eit.
1462 2421 1463 2478 ἲ

802 2487 815 2506 ΙΙ

327 2487 405 2548 Nam
433 2486 569 2548 lanciam
595 2511 680 2566 saepe
704 2491 771 2550 dico
818 2491 858 2574 rip
883 2491 1219 2568 materialem-temporie
1247 2495 1363 2568 eiguili-
1462 2543 1463 2572 3

329 2575 470 2632 cntionem
489 2593 548 2632 uon
569 2571 686 2646 habere,
705 2575 755 2634 aed
777 2515 815 2635 al
835 2580 976 2634 actionem
997 2577 1152 2651 pertinere,
1171 2577 1207 2634 rie
1229 2579 1364 2650 qoniam

327 2677 388 2715 uon
417 2655 594 2732 dubitemne,
623 2658 702 2732 qrrorl
733 2660 817 2733 quasi
843 2660 879 2720 de
899 2663 961 2734 ipao
980 2661 1056 2718 sacto
1080 2659 1116 2718 de
1136 2679 1170 2718 ra
1191 2661 1275 2718 uobis
1297 2681 1363 2734 per·
1462 2653 1463 2676 ¹

327 2761 445 2800 auarum
467 2753 519 2801 ent.
561 2739 665 2816 ltaque
685 2745 712 2802 ai
733 2744 813 2800 dicor
833 2734 974 2816 Ἐκεῖνος
991 2743 1089 2806 τοῦτο
1107 2737 1264 2825 ἐποίησεν
1283 2739 1362 2827 ἤδη,
1462 2729 1463 2770 3

326 2827 446 2899 proprie
467 2823 523 2882 hoc
544 2821 625 2882 dicor
660 2825 714 2882 lllo
739 2826 790 2884 lice
812 2825 896 2896 fecit:
922 2832 1012 2896 novi,
1044 2846 1101 2899 qua
1127 2845 1197 2884 voce
1224 2825 1362 2902 deniqne,
1462 2859 1463 2868 κ

320 2911 353 2982 ⁸nl
382 2926 443 2964 rem
467 2907 623 2980 coniungat
648 2907 723 2964 nilril
744 2906 850 2965 dicitur
870 2908 949 2967 aliurl
971 2910 1029 2968 nisi
1051 2909 1120 2967 buce
1148 2909 1203 2966 ille
1223 2909 1274 2967 loc
1294 2911 1371 2983 fecit·

326 2994 409 3047 iura.
433 2987 519 3048 ‘lloc
545 2999 606 3047 tum
633 2989 734 3049 eodem
760 2993 825 3051 iure
850 2993 936 3052 etiam
965 2992 1001 3050 arl
1023 3011 1161 3068 praeaenn
1182 2991 1287 3050 referri
1309 3013 1361 3066 po-
1462 3041 1463 3046 ,

238 3119 243 3127 .
327 3071 407 3144 terit,
438 3083 469 3132 nt
492 3075 516 3132 ei
539 3071 646 3132 dicem:
669 3065 810 3150 Ἐκεῖνος
830 3077 927 3139 τοῦτο
948 3078 1042 3138 ποιεῖ
1062 3068 1142 3158 ἤδη,
1168 3077 1285 3148 proprie
1306 3071 1362 3135 loc

326 3153 436 3214 dicam:
464 3157 516 3216 ille
534 3159 585 3216 lton
601 3157 690 3232 facite
720 3163 812 3230 noui,
834 3160 882 3218 rel
899 3161 1050 3218 coniuncte
1068 3162 1091 3216 si
1111 3162 1283 3234 pronuntiat
1308 3161 1361 3218 llle
1405 3167 1415 3180 ·
1462 3211 1463 3216 ,

325 3239 377 3297 lico
397 3239 470 3312 [ecit
490 3247 585 3313 iona,
614 3251 663 3302 aut
692 3245 779 3302 etiem
808 3243 844 3302 erl
864 3243 991 3301 futurum
1012 3243 1146 3302 refertur.
1189 3239 1309 3300 Etenim
1333 3245 1360 3302 ai

325 3322 404 3380 dieo:
422 3315 564 3396 Ἐκεῖνος
583 3328 681 3390 τοῦτο
704 3319 840 3411 ποιήσει
862 3320 951 3410 vlup,
978 3349 1036 3402 quo
1058 3327 1143 3385 modo
1166 3330 1284 3400 proprie
1306 3324 1360 3384 lroc

325 3405 404 3462 dico:
423 3407 476 3463 lllc
497 3409 547 3466 leuc
567 3409 671 3480 faciet:
694 3415 784 3479 atavi,
806 3409 861 3468 hoc
881 3411 1007 3484 denique
1029 3409 1105 3469 uilril
1121 3409 1202 3467 aliud
1221 3420 1264 3470 est
1284 3411 1358 3468 uisir

324 3489 377 3545 illu
401 3489 452 3548 leuc
472 3491 557 3562 faciet
581 3496 677 3562 iutra,
704 3501 735 3549 ut
756 3494 783 3551 ai
806 3513 906 3551 veram
925 3495 1082 3568 particulae
1104 3495 1163 3552 vim
1185 3506 1358 3568 spectemus,

323 3593 382 3628 uon
409 3581 538 3648 tempus,
558 3574 620 3632 'ned
643 3595 690 3634 ree
711 3573 887 3632 adfirmatur.
930 3575 1135 3651 Temporalem
1157 3588 1253 3635 autem
1276 3578 1358 3636 illam

320 3655 491 3730 particulam
512 3665 664 3741 propterea
687 3656 768 3732 dixi,
798 3657 891 3734 quod,
920 3662 1007 3718 etiam
1028 3663 1053 3719 ai
1078 3663 1241 3719 uuireream
1265 3681 1359 3736 qnan-

320 3739 387 3797 ‹lam
416 3739 647 3800 adfirmationeru
672 3761 726 3814 per
754 3761 786 3799 se
808 3741 894 3802 habet
917 3743 968 3802 illa
990 3745 1148 3820 particule,
1176 3754 1273 3802 temen
1298 3765 1359 3802 ma-

320 3843 411 3880 xume
434 3825 469 3882 ad
488 3827 628 3883 actionem
656 3826 686 3883 in
712 3825 801 3883 verbo
826 3829 968 3901 pertiuet3
1008 3838 1036 3887 et
1058 3819 1105 3888 aic
1128 3827 1256 3902 aliquam
1285 3839 1357 3886 tem-

315 3909 397 3979 porie
424 3909 572 3966 notionem
600 3907 709 3968 habere
732 3909 862 3987 videtur,
890 3933 975 3987 qnam
999 3915 1037 3971 ita
1063 3921 1174 3971 tantum
1198 3913 1282 3970 ruodo
1304 3910 1356 3970 lia·
1462 3919 1463 3976 ζ

314 3989 384 4061 bet,
413 3990 491 4062 quoti
513 3989 585 4049 illul
608 3983 687 4072 ἤδη,
717 3992 794 4066 quod
815 4003 860 4054 eat
881 3997 999 4070 proprie
1021 4001 1099 4069 noui,
1127 3997 1151 4054 ei
1173 3996 1356 4066 coalumna,
1462 4021 1463 4024 ¹

312 4079 343 4126 at
367 4080 464 4130 tamen
488 4075 519 4131 ri
540 4093 573 4166 ac
594 4083 734 4148 potestate
755 4093 806 4134 aaa
822 4093 877 4152 per
891 4078 1037 4158 loquentia
1053 4081 1267 4156 cogitationem,
1289 4099 1356 4138 cum
1462 4085 1463 4092 ’
