2974 4588
563 227 688 302 cilici.
1102 233 1146 302 31

102 435 162 474 rem
180 412 309 472 bellicam
326 417 391 480 eta,
413 407 463 468 nbi
479 425 687 483 manmopere
701 405 860 486 dubitetur,
880 429 950 470 num
962 408 1044 470 utilis
1057 411 1146 470 etiam

103 499 142 557 ad
163 498 274 558 belluna
297 497 353 569 sit,
375 492 443 568 sed,
465 494 490 552 si
510 494 600 552 ulla'
590 513 622 552 ιιι
642 513 693 566 re,
721 492 759 553 ad
779 494 890 554 bellum
913 489 1025 556 tantm
1045 494 1143 554 modo.

104 580 157 643 Sic
183 584 276 641 etiam
303 581 336 638 in
362 578 415 636 illo
444 578 525 660 loco,
554 598 643 652 quem
671 575 775 638 adtulit
798 576 948 641 Devsrios
971 601 1011 640 ex
1030 577 1146 640 Aristo-

84 665 214 742 phanis
238 664 411 723 Nubibusv.
432 667 495 721 226
517 681 562 735 sq.

283 788 416 847 Ἔπειθ’
401 789 456 846 crud
475 792 575 880 eruptioni
592 790 655 854 τοὺς
671 791 786 855 θεοὺς
773 801 965 870 υπεριιρονιῖς,

293 859 348 916 ἀλλ’
370 860 421 916 orire
439 859 495 916 dut
513 867 557 927 τῆς
574 863 632 931 φῆς,
652 866 746 937 elnam

12 1009 16 1018 ’
107 984 289 1064 significatur
316 983 385 1042 deos
407 984 526 1060 quidem
547 1005 707 1060 numquam
728 985 955 1046 contemnendos
975 1008 1057 1063 esse,
1083 989 1147 1065 sed,

106 1073 131 1132 si
152 1069 243 1144 adeo,
270 1070 392 1126 miratur
418 1090 469 1127 eur
492 1090 531 1128 ex
552 1068 685 1130 machina
708 1070 835 1146 pensili,
854 1092 915 1130 non
937 1093 977 1132 ex
998 1083 1073 1132 terra
1093 1074 1149 1134 lroo

106 1156 204 1214 saciat.
247 1151 339 1212 Nullo
362 1161 458 1210 erstem
479 1151 593 1212 modo'
584 1175 615 1212 ιιι
636 1156 787 1230 superiore
808 1155 860 1214 illo
881 1154 1052 1218 Aristotelis
1072 1157 1148 1234 loeo,

108 1239 139 1298 id
160 1237 238 1312 quod
258 1238 422 1310 suspicatus
444 1245 489 1296 eet
507 1236 650 1297 Devarius
650 1261 700 1336 p.
725 1245 785 1312 13,
805 1242 869 1298 veri
890 1242 987 1302 simile
1008 1253 1052 1304 cat
1072 1246 1148 1304 anti·

109 1325 207 1398 quitus
233 1324 376 1423 scriptum
403 1320 512 1382 inisse:
542 1311 658 1382 ms»
637 1343 735 1406 ηπιρ.
781 1319 859 1382 Nem
887 1329 1021 1400 apprime
1047 1336 1148 1403 aptum

109 1415 154 1466 est
179 1399 299 1464 illud
272 1397 369 1490 εἴπερ
390 1403 429 1462 ad
450 1407 537 1464 totius
558 1406 615 1464 loci
634 1407 818 1466 sententiam.

192 1521 226 1580 P.
243 1525 291 1580 14.
324 1519 471 1581 Deverius
493 1524 534 1581 ait
556 1514 664 1583 ἀλλ”
644 1545 662 1606 p
683 1523 830 1582 interdum
850 1545 904 1600 pro
920 1525 1047 1601 simplici
1063 1517 1148 1589 ἀλλὰ
1182 1536 1213 1588 1’.
1233 1529 1275 1584 14.

108 1609 181 1682 poni
208 1610 374 1680 utiturque,
404 1615 436 1663 ut
463 1604 519 1664 hoo
546 1605 738 1683 demonstret,
766 1607 979 1683 Aristophanis
1004 1631 1090 1670 versu
1112 1610 1149 1670 de

112 1697 188 1748 l'uoe
209 1692 270 1747 475
291 1709 351 1763 sq.e

311 1799 366 1856 οὐδ’
387 1801 446 1856 eide
466 1792 539 1871 γ’
511 1804 549 1855 ιιι
553 1819 603 1855 κον
619 1797 811 1873 οὗὸἑνἉριεΐ
798 1822 835 1856 ros
852 1798 952 1856 πάλαι·

308 1866 398 1923 ἀλλ’
383 1891 399 1938 η
417 1890 495 1940 narn)
499 1873 577 1924 ἔλων
594 1873 649 1924 τῶν
666 1873 945 1944 ruiorncopouutvrov.

109 1992 171 2054 Sed
193 2013 273 2054 rem
269 1991 316 2052 ita
337 2013 371 2053 ae
390 2015 451 2053 uon
472 1991 580 2052 habere
600 1991 686 2052 sacile
703 1994 919 2071 intellegemus,
940 1999 968 2057 si
986 1999 1085 2072 paullo
1103 2022 1150 2062 ao·

109 2080 237 2138 curatius
266 2080 298 2138 in
323 2080 385 2138 rim
411 2099 444 2138 ao
471 2087 605 2159 naturam
623 2075 732 2136 lterum
757 2079 964 2155 particularum
989 2075 1151 2158 inquisivis-

110 2166 212 2222 rimus.

195 2260 293 2340 Quem
315 2256 352 2320 sd
373 2261 489 2322 modum
506 2263 584 2321 enim
593 2259 897 2363 Deterinsnosterp.
912 2269 961 2324 14.
975 2265 1171 2328 dubitarese'
1171 2263 1265 2323 Μ’
1248 2291 1275 2338 η.

110 2348 163 2421 ait,
184 2358 282 2404 atrurn
304 2347 462 2448 particulae
484 2336 601 2429 ἀλλ’ἢ
580 2367 707 2420 r,quae
728 2349 787 2405 iam
808 2352 970 2423 antiquitus
989 2371 1008 2408 a
1029 2349 1150 2455 Graecis
1181 2377 1214 2425 ιι
1232 2369 1276 2424 ῃ,

111 2433 153 2488 ita
179 2434 313 2506 usurpari
333 2439 450 2504 coeptae
472 2437 586 2504 essent,
612 2439 645 2487 ut
665 2450 754 2488 unam
775 2435 860 2505 (prasi
881 2437 1029 2494 notionem
1049 2439 1151 2512 expri-

110 2533 191 2574 mere
221 2513 408 2588 riderentur,
436 2533 524 2587 quom
544 2532 604 2571 non
625 2513 711 2572 facile
732 2535 749 2571 a
771 2537 918 2589 quoquam
937 2518 1013 2576 illud
1034 2530 1151 2594 reputa·

110 2605 214 2671 retur,
225 2619 284 2671 quo
304 2598 391 2656 modo
412 2598 480 2656 illae
500 2597 588 2655 istam
609 2597 851 2695 significationem
866 2604 1053 2678 accepissent,
1073 2625 1152 2664 oona-

110 2684 226 2756 poaitae
254 2689 352 2742 essent
379 2702 419 2740 ex
439 2680 537 2741 verbis
558 2669 640 2742 litto
662 2689 692 2738 et
712 2669 750 2761 ἢ,
781 2683 859 2755 qnod
879 2681 1010 2743 Dererio
1028 2705 1100 2745 sana
1119 2690 1153 2746 ia

111 2767 265 2866 plerisque
284 2765 356 2824 locis
376 2765 486 2824 sactum
508 2783 574 2822 esse
590 2761 758 2837 rideretur,
786 2785 824 2823 ιιι
845 2773 1008 2826 constarent
1027 2788 1066 2828 ex
1083 2789 1152 2844 par·

111 2849 209 2908 ticulis
231 2839 318 2913 ἀλλὰ
339 2857 368 2908 et
387 2871 419 2932 η
439 2847 472 2908 id
493 2846 569 2922 qnod
590 2847 643 2907 ille
663 2847 865 2922 quibusdem
855 2871 888 2908 ιιι
908 2850 980 2910 locis
997 2851 1152 2913 admodum

111 2935 265 3008 probabile
294 2953 357 2993 esse
381 2934 511 3008 putarit,
539 2932 642 2992 eodem
669 2953 790 3006 prorsus
817 2934 904 2995 modo
928 2957 1021 3011 usque
1039 2938 1077 2998 ad
1095 2938 1151 2998 boo

110 3027 226 3092 tempus
258 3037 276 3074 a
306 3017 396 3076 doctis
427 3014 588 3086 dubitatum
618 3023 677 3090 est,
709 3037 785 3091 quae
812 3016 917 3078 barum
944 3025 1045 3082 verior
1073 3030 1152 3102 esset

112 3102 270 3162 sententie.
318 3099 365 3162 Ao
392 3109 501 3159 nostro
519 3099 637 3174 quidem
665 3109 795 3176 tempore
822 3123 857 3162 ea
884 3109 1043 3180 sententia,
1076 3127 1153 3181 quse

111 3187 198 3244 nobis
224 3182 344 3258 quidem
366 3186 482 3246 videtur
511 3187 597 3244 unice
623 3203 694 3243 vera
724 3205 803 3261 esse,
833 3207 850 3244 a
878 3191 1075 3262 grammaticis
1100 3211 1153 3249 ex·

111 3269 250 3344 plicando
276 3280 361 3344 atque
389 3266 607 3344 interpretando
633 3270 675 3326 ita
700 3266 851 3330 obscurata
872 3278 932 3347 est,
959 3281 990 3335 ut
1014 3294 1053 3331 ue
1074 3295 1153 3334 nuno

112 3353 234 3427 quidem
272 3355 343 3412 setis
381 3355 445 3428 spei
483 3356 541 3430 sit,
580 3353 665 3425 inre,
704 3362 738 3411 ut
775 3353 892 3412 tandem
926 3356 1084 3433 aliquando
1119 3362 1153 3418 iu

112 3457 202 3496 uuam
235 3457 339 3497 omnes
371 3436 529 3496 concedant
560 3438 745 3496 sententiam.
808 3434 869 3498 Sed
902 3445 997 3501 varias
1028 3443 1065 3503 de
1097 3442 1154 3502 beo

109 3521 239 3580 formula
265 3523 424 3580 sententias
451 3529 580 3580 accurate
601 3523 777 3624 oopiqseqne
796 3523 856 3582 iam
877 3529 1072 3604 examinarit,
1101 3517 1174 3604 qui¹
1196 3531 1197 3538 ’

110 3603 293 3682 singularem
323 3609 367 3662 11ι
396 3606 537 3679 ferurulae
571 3594 687 3667 ἀλλ’
676 3627 695 3687 η
731 3615 758 3664 ιι
789 3607 920 3680 affinitas
946 3612 1154 3688 partiarlorem

109 3699 175 3766 post
207 3693 370 3764 negationes
395 3689 439 3748 ool
469 3690 615 3766 aoqottooi
639 3693 793 3748 ιιιιιιιιὶιιι
817 3703 1021 3770 umrpotomm
1048 3701 1154 3750 antero

110 3782 137 3830 ιι
161 3793 219 3832 arses
246 3773 362 3845 scripsit
389 3776 662 3834 commentationem
687 3771 836 3848 ediditque
863 3772 1049 3850 Brunsuigae
1075 3793 1154 3831 enno

109 3851 436 3930 MDGGGXXXlV.,
477 3854 514 3916 G.
548 3855 584 3916 Τ.
619 3855 662 3916 Α.
695 3853 890 3933 Kruegerus,
927 3878 958 3928 p.
999 3863 1077 3913 1-
1100 3862 1153 3914 21.

111 3939 174 4020 Qui
204 3942 262 3999 etsi
293 3941 364 3998 satia
395 3939 552 4017 diligenter
582 3941 785 4012 subtiliterque
814 3939 958 4012 pleraque
985 3949 1153 4015 persecutus

111 4033 180 4100 est,
210 4025 296 4083 nobis
328 4031 426 4083 tamen
455 4045 517 4084 non
550 4025 582 4086 id
614 4021 762 4082 adsecutus
795 4040 861 4080 esse
890 4023 1026 4101 videtur,
1056 4033 1088 4084 ut
1117 4025 1154 4086 'de

110 4110 228 4186 origine
258 4106 346 4170 leuius
376 4107 520 4174 formulae
550 4112 584 4170 in
610 4108 674 4168 eius
702 4107 876 4169 sententiam
901 4109 1019 4171 concedi
1045 4118 1153 4186 posset.
