3016 4580
339 255 378 318 ῃ
458 211 532 298 1γέ,
564 207 725 296 ydrou,
757 213 876 295 rodo.
1129 215 1195 282 m

144 392 181 452 le
206 385 331 464 simplici
360 379 479 460 tpuidern
506 381 707 442 adfirmatione
733 403 793 442 nou
816 381 941 459 ampliue
965 383 1100 446 ridebam
1122 389 1193 462 port

143 474 221 536 iliud
243 468 296 555 γέ,
317 469 369 530 ead
389 476 502 536 tautum
522 467 609 526 modo
630 469 662 525 iu
685 466 886 526 adfirmatione
907 488 957 542 aa,
979 490 1039 543 qua
1059 470 1191 544 pluribna
1212 493 1215 506 ¹

146 559 306 636 propositio
319 555 409 614 reione
422 552 459 612 de
471 572 529 612 una
545 553 736 625 potionumom
751 552 978 626 adnumeretur,
997 542 1191 617 contentionis

139 646 207 703 -vim
229 641 369 700 muiorem
395 641 427 696 in
453 635 593 708 particulo
613 636 666 694 ilia
686 655 751 694 enee
768 636 906 694 intellexi
930 657 1016 710 quam
1038 637 1191 698 adrevere-

147 727 248 799 tiouio,
269 733 301 782 ut
320 726 413 799 prima
434 721 495 788 iiie,
517 739 605 794 quarn
623 722 797 794 statuissem,
817 722 900 795 origo
921 741 955 778 ac
973 729 1101 796 potentur
1121 743 1190 796 par·

148 809 254 869 ticnlae
282 803 318 889 γὲ
345 805 420 864 mini
444 804 539 862 locum
567 800 673 860 habere
693 823 781 876 ponae
804 824 863 861 nou
884 803 1041 864 rideretur.
1080 805 1190 881 ⁴Neque

149 895 229 954 euim
248 897 326 950 reoto
346 891 537 949 existumaret
560 905 625 945 mea
649 886 768 960 quidem
788 889 943 961 sententia,
966 891 993 947 ai
1014 891 1080 964 quie
1102 891 1191 951 veltet

147 976 278 1051 exempli
305 975 414 1051 gratia:
445 969 568 1044 Καλῶς
595 989 632 1049 ya
659 965 782 1051 λέγεις,
810 991 869 1030 non
894 971 979 1030 aliter
1002 975 1190 1048 interpretari

145 1082 179 1120 ee
199 1059 361 1135 simplicem
382 1058 511 1130 utiquam
533 1052 774 1136 adfirmetiouem,
796 1054 890 1128 qualia
913 1065 1005 1114 earet:
1025 1045 1191 1132 Ἠκαλῶς

145 1141 260 1225 λέγεις.
308 1143 334 1202 Γ
331 1139 348 1204 ε’
368 1143 447 1203 enim
468 1156 584 1214 eemper
605 1137 732 1210 eliquour
745 1137 836 1196 ecfert
849 1159 910 1198 rem
923 1148 952 1198 ot
965 1160 1024 1199 nou
1038 1140 1189 1200 udoeuernt

134 1229 203 1288 'nini
223 1219 283 1302 per‘
296 1227 523 1296 contentionem,
546 1228 579 1280 ut
601 1219 673 1280 mihi
693 1223 763 1295 iam,
786 1242 861 1296 qnae
881 1225 976 1297 punita
996 1226 1027 1282 in
1049 1226 1189 1297 particulo

145 1308 182 1394 qd
209 1319 253 1371 oet
284 1309 483 1382 adreverntio,
511 1326 547 1366 eu
576 1325 617 1364 ex
642 1307 829 1364 contentione
849 1309 947 1381 potius
969 1308 1098 1381 proiectu
1121 1328 1188 1370 enee

143 1393 289 1469 ridentur,
313 1411 400 1467 qnam
422 1401 531 1465 contra,
550 1391 696 1448 contentio
720 1409 760 1449 ex
781 1391 1008 1450 adseveratione.

229 1475 318 1557 Quod
344 1496 433 1550 quom
453 1475 493 1533 itu
513 1494 545 1533 ee
564 1471 672 1532 habere
691 1473 922 1550 intellexieaem,
950 1477 1037 1534 eiiam
1059 1475 1119 1533 iam
1140 1495 1187 1536 ra·

133 1563 257 1622 ‘tionem
285 1560 476 1636 explicandae
502 1558 582 1616 illiue
610 1557 767 1630 particulae
786 1559 1078 1632 circumspiciendum
1098 1567 1187 1632 atque

143 1644 346 1721 inquirendam
373 1645 484 1718 putavi.
526 1639 570 1700 lte
597 1641 792 1714 tactumzect,
819 1649 850 1700 nt
878 1663 966 1715 quom
992 1643 1054 1701 rim
1081 1645 1187 1720 ipsam,

145 1749 235 1804 quum
258 1728 399 1804 particula
419 1722 473 1807 γέ,
499 1727 664 1799 ubicunque
690 1723 957 1800 legeretur,‘mihi
976 1725 1085 1786 habere
1106 1728 1187 1786 vide·
1234 1785 1238 1791 ,

145 1823 248 1888 retur,
287 1811 518 1884 considerarem,
559 1829 594 1868 en
628 1808 771 1882 particula
805 1811 965 1884 antiquitus
998 1808 1074 1869 nihii
1106 1809 1187 1870 aliud

95 1902 99 1914 ’
142 1897 237 1958 iuieee
254 1895 399 1956 videretur
419 1895 478 1953 nini
496 1895 617 1967 antiqua
638 1892 779 1965 quaedam
797 1895 965 1968 imperativi
987 1895 1096 1966 forma,
1122 1898 1187 1954 eive

143 1981 227 2042 dueta
249 1980 303 2039 iila
323 2000 340 2039 a
360 1961 450 2038 r'erbo
473 1997 518 2053 eo,
540 1976 698 2052 quodcum
713 1977 744 2035 Γ
740 1973 810 2050 ΕΩ,
831 1980 853 2036 i.
866 1998 891 2036 e.
906 1975 1014 2050 ΕΛΩ,
1032 1990 1186 2051 cognatum

143 2074 237 2139 met,
256 2072 306 2123 eut
328 2066 415 2124 etiam
437 2081 490 2137 per
510 2081 653 2136 ucocopeu
673 2061 748 2118 iacta
769 2079 808 2118 ex
829 2062 920 2120 verbo
939 2051 1013 2140 dyc,
1035 2083 1110 2134 quae
1131 2061 1186 2120 hoo

143 2152 333 2226 potissumum
355 2155 455 2222 egeret
476 2148 508 2203 in
529 2143 575 2203 irie
596 2145 678 2218 iocis,
701 2147 784 2202 utin
804 2145 903 2218 aliqua
925 2164 1005 2220 voce,
1028 2165 1103 2218 qune
1122 2146 1185 2204 iere

144 2235 330 2308 exciperetur
364 2252 381 2289 a
410 2229 551 2305 particula
581 2225 635 2308 γέ,
675 2227 824 2286 adtentum
854 2227 987 2287 redderet
1014 2229 1186 2304 ouditorem,
1233 2253 1237 2260 ¹

142 2317 270 2391 ideoque
302 2318 362 2374 vim
395 2317 458 2375 eine
491 2315 570 2372 uncie
600 2315 725 2371 uoueret.
788 2310 885 2391 Quom
917 2323 1010 2370 nutem
1044 2333 1078 2368 ea
1114 2334 1185 2388 vox,
1281 2318 1287 2328 “

144 2421 219 2475 quea
247 2402 357 2458 maiore
384 2399 463 2458 rucis
486 2417 559 2456 enno
588 2396 723 2470 effertur,
752 2400 856 2456 oeteria
880 2398 1018 2455 antistare
1042 2398 1185 2470 videntur,

142 2485 179 2543 fit
202 2492 233 2543 nt
258 2505 313 2559 per
340 2481 507 2557 porticulum
532 2477 569 2560 yut
590 2479 625 2538 de
644 2479 700 2537 lrec
723 2482 1006 2553 potiseumum·voce
1028 2477 1074 2552 id,
1105 2481 1184 2555 quod

142 2569 263 2644 d'reitur,
288 2566 492 2640 adiuvet-etur,
515 2584 592 2638 quae
612 2566 724 2621 acuitur
743 2563 797 2620 iiia
816 2563 968 2638 particula.
1011 2561 1098 2622 Unde
1119 2565 1184 2622 sere
1248 2579 1257 2591 “

142 2653 371 2712 adfirmatiouem
409 2651 466 2708 iata
502 2646 644 2723 particula
679 2645 819 2704 declarari
852 2642 1008 2722 putarunt,
1052 2649 1184 2719 quamvie

140 2753 197 2812 per
224 2755 259 2797 eo
286 2735 514 2794 edocuerationie
543 2733 602 2790 vim
632 2749 666 2788 eu
694 2730 835 2803 particula
866 2728 973 2787 hebere
1001 2729 1113 2786 nuliam
1140 2733 1185 2788 vi·

138 2819 252 2880 untur.
296 2819 533 2898 Quotiescunque
560 2817 640 2874 euim
668 2811 778 2888 aliquid
804 2833 859 2887 per
882 2812 1052 2888 perticulam
1073 2810 1110 2892 γὲ
1133 2813 1185 2872 nd.

140 2903 254 2964 firmari
277 2903 407 2974 ridetur,
432 2919 536 2962 reuera
559 2899 657 2972 aliquo
682 2900 779 2957 rubent
802 2900 965 2972 oppositio,
987 2916 1063 2970 quae
1084 2901 1184 2972 paucio
1299 2938 1301 2942 ·
1388 2889 1390 2896 ¹

141 2988 261 3062 quidem
283 2987 356 3045 iouia
376 2993 477 3060 operte
500 2981 644 3041 declarata
664 2993 718 3058 eat,
738 2983 771 3040 in
790 2984 895 3042 ¹ceteris
916 2979 1002 3040 modo
1023 2983 1184 3056 obscurius,

140 3072 228 3131 modo
267 3071 441 3145 explicatius
480 3065 668 3140 significatur.
722 3063 768 3122 Ea
805 3075 901 3124 nutem
939 3067 1084 3140 oppositio
1122 3085 1194 3125 nou.

139 3158 184 3215 ita
204 3164 368 3228 conparate
391 3161 451 3226 eet,
472 3158 505 3212 nt
526 3151 685 3230 contrariae
702 3169 749 3206 ree
770 3151 847 3208 inter
867 3169 901 3208 ae
922 3158 1066 3224 opponat,
1086 3168 1185 3221 neque

139 3241 221 3299 euim
242 3238 371 3298 exnindit
390 3236 530 3312 partiente
548 3230 584 3314 γὲ
605 3232 779 3308 quidquam,
805 3231 873 3307 aed,
894 3240 926 3288 ut
949 3221 1026 3292 recte
1049 3229 1085 3289 G.
1108 3229 1185 3292 Her·

120 3343 265 3382 manuue
283 3324 384 3382 etntoit
406 3322 443 3380 ed
462 3315 611 3394 Vigerum
633 3339 664 3391 p.
686 3321 759 3375 824.
781 3315 828 3374 ed.
851 3325 925 3387 tert,
943 3318 987 3374 ite
1008 3323 1118 3376 tantum
1139 3317 1184 3376 di·

139 3408 281 3482 etiutuit,
311 3415 343 3464 ut
367 3405 416 3479 id,
445 3403 524 3480 quod
544 3401 743 3476 distinguitur,
769 3402 899 3460 eminere
922 3410 989 3458 aute
1011 3399 1069 3460 ulia
1091 3403 1185 3475 sigui·

19 3499 22 3514 '
138 3490 255 3550 ficetur.
294 3487 331 3549 id
350 3498 447 3548 eutem
463 3490 574 3563 primae
595 3485 674 3544 vooia
694 3484 903 3560 significationi
922 3505 1042 3559 proteus
1060 3503 1184 3544 cousen-

138 3582 257 3634 taneum
278 3581 333 3649 eet,
356 3595 446 3648 quom
467 3573 530 3646 iiia,
555 3577 586 3628 ut
608 3569 745 3642 vidimus,
767 3590 821 3644 per
842 3591 875 3631 ne
894 3591 954 3629 non
975 3568 1125 3628 adseveret
1146 3569 1184 3628 do

139 3657 240 3732 alique
254 3672 355 3732 avone,
383 3657 436 3720 ned
460 3675 525 3714 eum
546 3661 657 3712 tautum
678 3654 853 3728 modo‘ipeo
876 3673 948 3712 nono
971 3659 1064 3710 acuat.
1106 3649 1184 3711 Nam

71 3731 79 3746 ⁸
139 3743 167 3801 oi
191 3744 371 3802 mentionem
395 3741 453 3802 ieci
475 3737 511 3796 de
535 3735 646 3795 duobus
666 3735 835 3796 hominibus
856 3745 886 3796 et
907 3736 943 3796 de
967 3736 1106 3792 alterutro
1129 3731 1184 3789 hoc

138 3823 218 3884 dico:
240 3830 347 3886 dener
362 3827 476 3893 kommt,
494 3829 527 3878 ut
545 3829 663 3878 acuatur
676 3839 739 3877 vox
753 3819 845 3894 jener,
864 3821 949 3892 quasi
963 3815 1074 3874 Graece
1089 3815 1183 3874 diceet

134 3897 277 3985 Ἐκεῖνός
304 3929 342 3991 ya
370 3902 462 3994 ἥκει,
493 3923 552 3962 nou
574 3903 692 3976 quidem
712 3902 785 3960 illud
808 3902 938 3975 declaro,
964 3899 1086 3956 alterurn
1111 3919 1185 3956 uon

137 3996 290 4070 uenire,
316 3993 396 4070 quod
418 4001 479 4050 tum
499 3987 615 4052 demum
639 4003 742 4045 verum
764 3995 855 4058 aeret,
883 3987 909 4044 ai
931 3984 1070 4042 diceremr
1099 3987 1185 4042 dener

136 4075 279 4152 bonomi,
301 4077 354 4138 red
375 4075 432 4137 iren
452 4081 564 4148 tantum
584 4070 671 4132 modo
689 4068 837 4148 significo,
859 4067 896 4130 do
914 4069 1006 4128 altero
1026 4087 1074 4128 me
1095 4085 1202 4144 poeno·

179 4158 221 4252 rr.
935 4159 973 4215 ra
