3016 4580
311 352 526 425 exponeretur,
553 352 586 418 nt
610 365 682 406 vera
704 343 864 421 particulae
890 344 938 406 vis
964 361 998 404 eo
1023 349 1129 403 natura
1152 343 1360 418 obscuraretur

309 435 429 513 potius,
461 449 549 506 quarn
578 429 777 508 expediretur.
829 426 1013 489 Rectissume
1045 447 1116 490 rere
1131 495 1136 502 ,
1149 447 1245 504 nuper
1277 428 1357 490 Her·

312 517 430 592 tongins
457 514 479 573 l.
507 515 529 574 l.
555 515 615 576 rol.
645 511 671 574 1.
699 535 730 590 p.
758 513 821 573 457
845 533 913 588 sqq.
940 510 977 570 de
1002 531 1075 572 vera
1099 514 1130 572 ri
1155 533 1189 572 ac
1212 519 1357 588 potestate

311 597 399 658 lanius
428 597 587 677 particulae
618 598 824 672 existumavit,
845 598 912 670 -qui
940 615 1030 671 quom
1055 597 1142 655 ceteri
1167 596 1232 657 lere
1258 617 1357 674 grem·

312 683 427 757 nautici,
458 684 509 760 qui
537 681 682 742 vidissent
715 677 778 764 γὰρ
806 682 985 754 saepissume
1011 681 1044 738 in
1070 678 1219 740 reddenda
1244 701 1358 757 mussa,

313 783 403 842 qnam
435 767 472 824 ob
503 786 567 825 rem
598 763 711 846 aliquid
743 767 786 824 ita
816 783 895 824 sesex
914 761 1034 822 haberet
1062 781 1151 837 quem
1178 764 1216 824 ed
1240 763 1360 836 medum

313 849 472 925 diceretur,
499 851 651 926 usurpari,
680 869 745 909 earn
773 847 1015 924 significationem
1035 847 1229 908 obtinuissent
1248 851 1280 908 in
1302 867 1360 908 ex·

312 931 448 1010 plicando
479 934 640 1010 particula,
675 940 708 992 ut
740 931 870 992 dicerent
902 951 966 990 eam
995 931 1059 992 fere
1090 951 1159 990 cum·
1186 935 1360 992 nostratium

314 1017 387 1078 dean
411 1023 461 1076 aut
480 1013 657 1076 Latinorum
685 1036 754 1076 oum
780 1015 1009 1091 componendam
1036 1033 1119 1091 esse,
1146 1017 1235 1090 qnam
1265 1017 1359 1093 signi-

313 1097 479 1160 ficationem
505 1121 562 1161 asu
590 1100 709 1180 quidem
736 1100 836 1159 multis
862 1101 896 1159 iu
922 1100 994 1159 locis
1022 1107 1106 1158 necta
1132 1107 1194 1176 est,
1223 1099 1275 1160 eerl
1297 1119 1359 1159 neu

313 1185 477 1250 naturalem
505 1181 607 1244 habuit
630 1186 688 1244 ista
713 1183 870 1258 particula,
903 1183 1018 1243 exstitit
1045 1181 1158 1258 dicens,
1186 1182 1360 1258 particulam

312 1288 383 1328 scra
405 1288 438 1326 ac
458 1267 584 1326 naturali
604 1269 635 1326 vi
655 1287 709 1328 cua
730 1269 861 1328 minume
882 1287 1031 1341 caumana,
1063 1285 1114 1326 cnr
1135 1267 1248 1342 aliquid
1269 1273 1359 1344 esset,

314 1349 455 1425 indicare,
479 1351 533 1411 sed
553 1351 787 1412 adfirmationem
806 1353 903 1433 potius
924 1360 954 1410 et
972 1350 1186 1410 conclusionem
1199 1354 1230 1410 in
1244 1371 1275 1410 se
1289 1367 1359 1410 oon-

314 1436 422 1508 tinere,
444 1437 555 1509 quippe
579 1455 654 1510 qnae
676 1445 745 1494 nata
767 1443 845 1495 esset
869 1454 908 1493 ex
928 1434 1077 1510 particulis
1090 1423 1256 1517 yietiipa·
1298 1432 1359 1493 lta·

232 1570 235 1580 .
314 1538 373 1592 que
400 1520 424 1578 si
450 1521 599 1594 sequimur
620 1520 763 1596 originem
783 1521 877 1593 ipsam
901 1537 934 1577 ec
955 1527 1088 1578 naturam
1108 1518 1264 1592 particulae
1285 1511 1359 1602 γάρ,

313 1599 369 1664 hoc
397 1601 508 1670 dicitur·
527 1607 687 1663 coniunctis
715 1606 779 1663 istis
805 1603 972 1678 particulis:
1000 1621 1070 1661 snae
1096 1621 1149 1678 pro
1173 1603 1255 1660 rebus
1279 1619 1360 1660 consa

313 1692 444 1768 puratis,
474 1707 508 1746 ac
537 1691 664 1762 primurn
692 1685 860 1747 adfirmatur
886 1707 932 1746 res
954 1708 1009 1760 pro
1032 1693 1173 1760 potestate
1197 1682 1360 1758 pa'rticnlae

313 1765 367 1870 χ’έ,
390 1769 495 1830 deinde
516 1772 645 1832 refertur
668 1770 770 1830 eadem
791 1768 828 1828 ad
848 1770 1046 1828 antecedentia
1058 1789 1111 1842 per
1122 1772 1184 1827 rim
1199 1767 1359 1842 particulae

317 1869 395 1934 αρα.
437 1849 473 1911 si
492 1856 585 1926 igitur
608 1854 711 1913 dicitur
733 1852 862 1926 exempli
882 1853 978 1928 gratia
997 1847 1360 1912 in‘AristotelisPolitieie
1443 1883 1447 1890 ·

314 1933 367 1992 lib.
391 1931 416 1992 l.
439 1955 500 2010 cap.
522 1943 553 1994 2.
577 1939 605 2008 §.
631 1941 660 1994 3.
683 1934 728 1994 ed.
751 1933 850 1992 Stelsr.
887 1935 969 2007 Τοῖς
992 1930 1053 2010 μὲν
1078 1927 1142 2015 γὰρ
1170 1930 1263 1994 δοκεῖ
1282 1928 1361 1994 ἐπο-

316 2003 424 2119 scripu]
453 2013 489 2081 τέ
514 2039 564 2092 τις
585 2007 672 2086 εἶναι
692 2007 713 2110 ἦ
736 2010 930 2088 δεσποτεία,
960 2011 1016 2082 nat
1036 2005 1056 2100 ἦ
1079 2006 1161 2102 αὐτὴ
1183 2008 1360 2094 οἰκονομία

317 2119 374 2168 και
395 2097 574 2166 δεσποτεία
595 2097 652 2164 καὶ
674 2095 830 2184 πολιτικὴ
855 2093 911 2161 καὶ
931 2090 1102 2182 βασιλική,
1130 2091 1289 2200 καθάπερ
1311 2090 1360 2161 ai'-

315 2203 424 2261 πομον
457 2175 648 2268 ἀρχόμενοι·
680 2185 752 2259 τοῖς
785 2181 821 2248 δὲ
853 2177 948 2268 παρὰ
980 2176 1081 2266 φύσιν
1106 2175 1144 2244 οδ
1174 2175 1359 2258 δεοποζοιο.

314 2260 407 2350 νόμῳ
429 2263 492 2351 γὰρ
514 2263 652 2348 τὸνμὲν
673 2264 791 2332 δοῦλον
813 2255 907 2337 εἶναι,
928 2259 984 2328 τὸν
1002 2257 1032 2328 δ’
1047 2257 1235 2349 ἐλεύθερον,
1257 2257 1360 2350 φύσει

315 2337 349 2410 δ’
373 2340 474 2414 οὐδὲν
504 2347 685 2435 διαφέρειν.
714 2345 834 2434 διόπερ
861 2339 940 2413 οὐδὲ
966 2343 1109 2412 δίκαιον·
1125 2343 1249 2429 ’βίαιον
1273 2341 1359 2433 peip,

315 2438 441 2506 utroque
461 2431 541 2510 luco,
571 2442 603 2493 ut
623 2444 732 2494 taceam
753 2433 789 2492 de
812 2427 875 2516 γὰρ
895 2433 1055 2509 particula,
1080 2452 1155 2507 qnae
1176 2434 1273 2512 primo
1293 2431 1359 2491 loco

202 2549 211 2564 ·
314 2514 438 2592 legitur,
459 2519 500 2577 ita
521 2519 653 2578 adsertor
673 2537 774 2578 caussa
796 2519 968 2594 sententiae,
992 2537 1068 2591 quae
1085 2519 1184 2593 posita
1199 2517 1303 2587 suerat,
1325 2521 1360 2574 ut
1475 2495 1498 2572 ,ἶ

317 2600 443 2660 uliares
465 2602 644 2678 adlirmetur,
666 2601 696 2662 id
718 2600 797 2678 quod
817 2601 852 2661 fit
868 2620 922 2676 par
942 2601 1116 2676 particulam
1129 2596 1174 2682 γέ,
1199 2598 1359 2674 eademque

317 2703 358 2743 ex
380 2685 614 2747 antecedentibus
634 2688 721 2747 rebus
742 2707 797 2761 per
816 2684 989 2759 particulam
1010 2677 1075 2769 ἄρα
1097 2686 1182 2760 qnasi
1196 2683 1359 2749 derivetur,

315 2764 421 2845 ltaque
448 2775 547 2846 priore
574 2773 638 2830 loco
664 2773 782 2845 proprie
813 2767 870 2826 lsoc
898 2762 1018 2826 dicitur:
1055 2767 1132 2824 Aliis
1153 2783 1219 2825 cero
1240 2767 1359 2840 videtur,

317 2863 417 2911 contro
439 2863 574 2930 naturam
595 2873 654 2910 esse
672 2853 846 2910 δοοιίοοοποι
869 2849 1073 2920 (inserens),
1103 2849 1161 2925 laps
1181 2859 1253 2910 certe
1272 2854 1360 2928 ipitur
1497 2893 1498 2932 ἕ

317 2933 529 2992 ulisrascrvum
542 2953 611 3002 ease,
625 2934 714 2991 alium
727 2931 853 3000 liberaum,
869 2937 974 2988 cataro
988 2950 1053 2992 seru
1068 2933 1138 2992 nihil
1154 2929 1276 3006 differre.
1312 2929 1360 2992 Eo
1391 2957 1402 2966 ·
1458 2989 1463 3006 ,
1497 2935 1498 3010 ξ

317 3015 413 3087 enirn,
444 3015 521 3088 quod
550 3013 720 3072 adtinnatur
744 3032 822 3071 nora
848 3011 990 3088 quaedam
1012 3035 1075 3092 res,
1104 3018 1242 3091 quoniam
1264 3035 1304 3074 ex
1324 3035 1361 3076 ee
1497 3015 1498 3028 ¹

316 3114 350 3154 re
372 3094 413 3170 id,
437 3097 516 3170 quod
537 3107 622 3156 antee
642 3097 749 3156 dictum
770 3102 842 3174 erat,
861 3098 1057 3174 conclusione,
1079 3119 1154 3176 (pree
1176 3107 1273 3158 tamen
1294 3101 1360 3174 ipsa

317 3183 534 3258 componitur,
560 3179 765 3257 ellicilpotest,
786 3181 973 3246 confirmatur
991 3185 1057 3260 ipsa
1082 3203 1158 3258 quae
1178 3185 1276 3258 posita
1297 3191 1361 3244 eret

318 3265 481 3340 sententia,
501 3271 604 3341 'quom
634 3269 803 3340 praesertim
830 3267 975 3326 internam
1001 3287 1100 3328 earum
1126 3269 1360 3332 enuntiationum

317 3349 551 3408 coniunctionem
561 3350 714 3426 significet
731 3349 874 3427 particula
895 3341 971 3434 ἄρα,
994 3371 1054 3432 qua
1073 3354 1139 3426 etsi,
1161 3350 1240 3425 quod
1259 3359 1359 3410 contra

208 3433 210 3437 ’
318 3435 552 3514 exspectaveris,
580 3435 664 3508 qnasi
687 3432 841 3491 ‘deducitur
864 3453 904 3493 ex
924 3437 1018 3510 priori
1043 3437 1185 3502 sententia
1206 3455 1258 3509 ea,
1284 3452 1359 3510 quae

318 3518 462 3590 sequitnr,
483 3536 573 3590 quom
593 3515 646 3574 illa
666 3517 746 3591 prior
767 3519 862 3590 potius
885 3520 921 3576 als
942 3517 997 3576 laec
1013 3521 1177 3594 posteriore
1192 3517 1359 3578 deducenda

318 3617 386 3659 esse
405 3599 548 3675 videatur,
572 3607 668 3658 temen
689 3601 731 3658 ita
748 3599 874 3676 deniqne
895 3601 1039 3660 stabilitur
1056 3605 1197 3676 primaria
1217 3602 1271 3661 illa
1291 3621 1360 3660 sen·
1380 3607 1382 3618 '

317 3684 424 3758 tentia,
458 3683 536 3760 qnod
568 3685 595 3744 si
626 3681 663 3743 ad
687 3683 778 3744 finem
805 3688 892 3745 iatam
917 3689 1197 3760 argumentationem
1226 3683 1359 3760 deducas,

319 3768 436 3827 tandem
464 3788 499 3828 eo
526 3770 698 3843 pervenias,
728 3777 762 3827 ut
786 3787 821 3828 ea
841 3772 1091 3845 argumentatione
1110 3774 1193 3846 prior
1213 3769 1361 3829 sententie

318 3850 470 3911 efficiatur.
512 3849 635 3929 ltaque,
660 3858 692 3911 ut
712 3873 846 3913 maneam
865 3855 898 3912 in
919 3850 1021 3914 eadem
1039 3855 1248 3930 similitudine,
1271 3869 1359 3927 quam

317 3937 418 4009 posui,
440 3937 473 3994 in
495 3937 550 3996 illo
572 3935 745 3998 Aristotelis
768 3934 833 3996 loco
853 3936 909 3999 lucc
928 3937 1052 4013 dicitur,
1074 3939 1102 3998 si
1123 3939 1242 4012 plenam
1262 3933 1368 3996 reddi-¹

318 4014 398 4079 deris
412 4023 601 4082 seutentiam:
623 4021 699 4082 Atta
711 4019 831 4094 videtum
852 4028 952 4084 contro
964 4029 1098 4086 nomam
1111 4039 1171 4082 eoae
1185 4019 1362 4086 δοοοίοοθοοο
