2980 4574
128 421 203 492 init,
229 419 313 479 niceti
337 419 369 477 in
396 426 497 494 nostro
519 417 607 476 verbo
636 437 701 476 tour
732 427 760 476 et
790 417 887 487 utilit,
916 427 984 476 nata
1015 419 1054 477 ait
1072 415 1160 478 adfle-

127 508 229 576 matio,
250 513 326 562 recte
347 501 425 572 dixit
446 501 627 574 llartnngins
650 501 707 559 rol.
729 499 770 560 ll.
794 523 824 575 p.
847 506 918 560 372.
940 509 1091 578 propterea
1113 522 1159 560 ee·

128 587 240 662 pionius
276 588 307 644 iu
340 586 471 644 doctrina
502 584 706 659 particularum
740 586 943 662 explicandum
970 605 1028 643 nou
1056 585 1159 657 rideri,

128 671 207 745 ‹prrod
235 691 270 728 ea
301 689 387 728 uuam
420 677 532 726 tautum
562 667 649 727 modo
674 688 796 742 eamque
826 679 932 728 certam
955 689 989 728 ac
1008 669 1161 728 delinitam

128 758 187 813 vim
209 775 241 810 ac
260 761 429 827 potestatem
448 752 581 825 liaberet,
604 763 634 808 nt
654 754 831 834 signiticaret
852 773 915 810 esee
933 751 1060 825 aliquid,
1083 751 1161 825 qnod
1237 791 1240 802 r

127 847 303 913 poneretur,
335 837 475 912 profecto,
510 846 540 894 ut
573 849 667 894 tamen
700 857 796 909 neque
824 837 1037 910 apparitionem
1064 855 1160 908 acque

128 922 217 979 ullam
247 923 365 978 omnino
395 919 565 978 relationem
591 917 627 976 ad
650 917 707 978 alia
732 922 871 978 orationis
893 921 1020 978 membra
1043 916 1162 978 liaberet

128 1024 274 1080 peraeae.
700 1013 704 1024 '

213 1103 261 1162 Ac
280 1102 403 1178 primurn
425 1100 542 1174 qnidem
564 1104 734 1175 punitorio
757 1102 881 1176 simplici
900 1103 1060 1161 sententiar
1082 1103 1163 1158 cuine
1239 1096 1282 1158 *tt

128 1189 191 1260 rei,
221 1207 308 1260 quom
340 1185 412 1242 illud
444 1187 629 1259 exemplum,
663 1186 741 1259 quod
770 1189 865 1260 posuit
888 1183 1032 1244 Derenne
1057 1185 1115 1242 vol.
1140 1183 1163 1242 l.
1194 1175 1329 1228 ‘limil-

128 1293 159 1344 p.
183 1275 232 1328 93.
263 1289 303 1327 ex
324 1267 532 1343 Aristophanis
555 1271 637 1328 Pluto
665 1290 693 1327 r.
717 1274 804 1342 869,
832 1271 978 1343 pertineat
1003 1271 1099 1344 potina
1126 1267 1161 1324 ad
1230 1262 1295 1299 '¹⁸¹'

129 1349 402 1428 interrogationem,
429 1352 486 1409 alia
508 1354 671 1411 testimonia
695 1353 842 1428 adieram,
869 1349 1024 1427 Sophoclin
1046 1351 1164 1426 quidem

129 1441 300 1513 Antigonum
322 1455 350 1494 r.
374 1441 446 1493 323·

312 1552 356 1616 *tt
370 1561 476 1631 tutata,
498 1548 520 1632 pi
538 1563 616 1617 darei
632 1582 678 1634 γε,
698 1567 744 1617 καὶ
764 1565 853 1635 ψευδῆ
870 1565 973 1620 doxtir.

130 1683 341 1762 Aristophauie
361 1687 475 1743 Plntmn
497 1705 525 1742 r.
546 1689 607 1744 909
628 1707 695 1761 eqq.

373 1866 377 1883 Δ
452 1803 494 1867 ς11
507 1812 627 1883 χρηστὸς
642 1813 712 1884 ἀνὴρ
732 1817 813 1870 ttuli-

459 1885 596 1968 rpclttriv
614 1881 783 1967 introrfiu-
827 1951 831 1958 ι

458 1970 534 2020 acy
566 1953 766 2012 lorlrorooroc·

129 2070 246 2146 Deinde
268 2079 406 2146 qnoniam
428 2075 457 2130 in
483 2073 711 2150 interrogatione
731 2074 768 2133 de
788 2095 841 2149 eo,
863 2074 940 2149 qnod
965 2071 1029 2132 iere
1052 2091 1083 2130 ea
1114 2079 1163 2128 ant
1240 2059 1284 2124 'tt

129 2153 202 2228 init,
228 2154 343 2214 edoceri
367 2156 514 2248 rolwnua,
544 2175 639 2230 eoque
666 2157 752 2214 modo
777 2157 811 2214 iit
834 2166 865 2214 ut
889 2159 1021 2216 lubenter
1040 2157 1163 2212 interro·
1187 2140 1346 2204 l'l‘mlffi·

131 2239 210 2313 gotio
230 2237 427 2315 proficiscetur
444 2240 479 2298 nb
500 2239 716 2307 adfirmatione,
737 2259 824 2314 aaepe
845 2259 966 2300 numero
988 2227 1007 2320 ἦ
1027 2237 1166 2313 particula
1232 2225 1289 2258 ''¹''

132 2323 215 2396 qnasi
243 2321 348 2380 suadae
379 2325 613 2398 interrogationis
642 2323 732 2381 sactae
759 2331 819 2397 ent,
846 2327 927 2382 cuine
955 2323 999 2382 rei
1021 2341 1109 2396 quom
1138 2328 1168 2376 et
1217 2381 1219 2384 .

133 2423 150 2462 a
185 2403 312 2462 Derario
344 2406 456 2480 aliquot
487 2409 580 2479 ponito
610 2409 668 2464 siut
699 2417 727 2464 et
757 2408 820 2466 lere
848 2409 955 2482 altique
983 2407 1169 2466 iuveniaatnr

137 2487 289 2563 exempla,
325 2509 384 2546 non
416 2502 459 2548 eet
488 2487 566 2562 qood
596 2489 680 2564 plura
708 2487 756 2547 tte
784 2489 922 2549 adieram.
973 2489 1055 2568 Quin
1083 2489 1169 2546 etiam
1195 2483 1328 2561 ἸΙ-ἥ.

132 2571 165 2628 in
196 2571 304 2645 duplici
336 2573 564 2648 interrogatione
596 2569 718 2630 habetor
738 2571 810 2629 illud
836 2561 855 2654 ἦ
880 2575 1120 2647 interrogativum
1142 2581 1170 2629 et

70 2698 74 2708 ,
133 2653 231 2728 priore
252 2654 370 2728 quidem
389 2656 471 2729 loco,
492 2655 581 2714 relati
603 2657 633 2712 in
657 2675 691 2714 eo
709 2651 840 2714 Platonis
863 2656 944 2730 loca,
966 2671 1052 2728 quent
1072 2655 1170 2727 poenit

132 2735 277 2818 Derarine
309 2739 368 2797 rol.
390 2737 413 2799 l.
445 2761 473 2813 p.
500 2742 550 2801 92.
593 2735 674 2798 Vide
704 2758 779 2814 qnae
807 2757 895 2814 anpra
924 2729 1000 2821 inl}
1028 2735 1169 2812 particula

133 2819 343 2896 explicavimus
363 2844 393 2896 p.
415 2825 475 2881 ott
493 2845 545 2897 aq.
603 2873 606 2878 .
1113 2881 1116 2887 ,

216 2919 266 2979 Ex
287 2923 350 2996 ipra
370 2931 464 2979 autern
483 2925 513 2980 ri
536 2921 694 2996 particulae
716 2921 896 2982 adfirmative
915 2921 1023 2995 evenit,
1044 2925 1085 2995 ut,
1106 2911 1221 3006 aire'tt
1238 2915 1308 3006 ἔρις,
1335 2909 1351 2989 'l

121 3001 168 3060 'itt
188 3005 416 3078 interrogatione
437 3006 502 3062 eive
526 3007 615 3063 etiam
636 3007 676 3063 in-
690 3007 902 3082 adfirmatione,
922 3003 989 3064 ltoic
1010 3001 1168 3080 particulae
1185 3011 1255 3063 tat,
1280 3011 1295 3058 t
1318 3008 1352 3060 7⁸
1413 3067 1416 3074 ι

135 3089 338 3146 comitarentur
362 3086 435 3144 talea
455 3089 629 3160 particulae,
657 3107 732 3160 qnae
754 3110 841 3162 quotu
862 3089 1016 3150 debilioree
1031 3107 1084 3162 per
1101 3105 1192 3146 aeae·
1240 3057 1295 3114 ’τέ’

135 3187 199 3226 aare
222 3169 393 3244 rideantur,
414 3169 450 3226 ad
472 3169 621 3228 fortiorem
643 3187 742 3226 rocem
760 3169 964 3230 adhaerescere
979 3169 1090 3240 solent,
1107 3169 1169 3226 rel·

135 3250 179 3306 nti
200 3242 280 3330 tipo,
309 3246 390 3334 γάρ,
417 3249 469 3332 γέ,
500 3247 556 3335 δή,
581 3249 681 3333 δῆτα,
703 3244 827 3335 δήπου,
849 3250 930 3335 μήν,
953 3241 1026 3318 οὖν,
1051 3244 1117 3313 πού
1141 3260 1171 3308 et
1280 3249 1286 3256 '

136 3351 211 3406 quae
242 3330 289 3391 laia
318 3344 384 3391 eunt
410 3334 531 3394 eimilea.
575 3334 660 3412 Qttae
681 3335 841 3409 particulae
864 3355 952 3410 qoour
977 3353 1065 3393 suern·
1081 3353 1169 3405 qnae·

138 3434 196 3488 qao
216 3417 274 3472 rim
296 3435 329 3473 ac
349 3424 518 3489 potestatem
540 3420 695 3490 retineant,
718 3421 772 3478 vix
790 3438 863 3495 opus
884 3429 929 3478 eat
950 3441 968 3478 a
987 3439 1034 3476 me
1056 3418 1171 3496 singula

136 3517 236 3558 earum
257 3499 446 3558 lormularum
468 3502 602 3576 exempla
622 3505 701 3578 poni.

219 3595 261 3656 Et
289 3586 309 3738 r}
339 3589 404 3682 tipo
433 3603 492 3660 iam
519 3600 590 3661 iude
620 3603 656 3660 ab
681 3599 828 3679 Homero,
861 3606 942 3664 cuiue
972 3601 1039 3662 ride
1063 3601 1172 3660 Iliadae
1206 3601 1250 3665 '11
1263 3601 1356 3688 ripn,v

137 3681 189 3743 tit.
213 3677 293 3760 XYl
310 3677 335 3740 l.
358 3702 385 3742 r.
410 3687 480 3743 129.
1145 3692 1149 3710 '
1234 3693 1284 3764 ,θ’

237 3806 373 3882 Ἥφαιστ’
394 3801 410 3877 ἦ
429 3806 483 3884 ἄρα
500 3810 535 3879 δή
553 3784 591 3874 Ιτις
609 3811 670 3868 ὅσαι
689 3819 757 3869 θεαί
771 3813 823 3868 rta'
844 3815 875 3867 dr
888 3810 1032 3882 Ὀλύμπῳ.
1231 3768 1307 3823 lia·

136 3877 141 3894 ⁸
241 3875 355 3934 τοσσάδ’
375 3879 417 3935 tat
434 3885 536 3954 φρεσὶν
555 3871 615 3954 ᾗσιν
632 3881 761 3952 detexero
779 3879 862 3950 arridere
881 3880 970 3955 λυγρὰ
987 3881 1040 3936 ari.

139 4019 227 4073 caepe
254 4001 449 4079 dictumest,
483 4000 552 4062 laiac
578 4012 674 4062 uatum
705 4006 850 4079 epicorum
879 4002 951 4061 illud
977 3995 998 4088 'l
1015 4001 1076 4088 (iu,
1095 3961 1177 4081 qood
1286 4045 1291 4060 t
1389 4023 1391 4030 ’

140 4084 228 4142 etiam
256 4089 360 4162 tragici
386 4090 420 4150 in
439 4088 542 4148 ntelica
561 4108 616 4150 ttua
634 4098 813 4165 receperant.
856 4085 932 4148 Tum
957 4078 976 4174 r}
1006 4084 1067 4172 γὰρ
1092 4101 1121 4150 et
1141 4095 1172 4151 in
1208 4089 1327 4169 ‘ttydp

1345 4328 1397 4359 r-
1415 4333 1420 4335 .
