2980 4574
515 141 518 148 Δ
636 179 728 276 ἤδη.
819 147 828 160 ’
1137 193 1203 263 ooo

165 353 203 418 de
222 359 378 433 praeterito
399 357 527 434 dioalur,
548 357 584 418 ed
605 352 745 433 marene
767 365 881 436 tempor
901 362 1034 438 pertinet.
1076 347 1201 424 Nom'ai

164 443 211 517 ie,
225 443 282 522 ·qui
304 442 452 518 loquitur,
476 463 529 518 per
549 463 612 502 earn
630 445 794 520 'vocam-id,
814 445 851 505 de
873 467 931 521 quo
953 449 1011 505 eibi
1032 467 1201 522 personarum

167 534 227 600 ert,
256 525 382 601 indicat,
406 529 569 588 neceesario
591 548 676 587 omne
698 527 772 588 illud
792 532 909 606 proprie
930 531 966 588 ad
990 543 1118 606 tenipus,
1143 552 1200 606 quo

166 612 232 684 quie
253 610 397 685 loquitur,
425 610 457 670 id
479 619 534 686 eat,
555 610 591 670 ad
613 631 752 686 praeeeae
774 623 886 688 ternpus
911 616 1054 689 pertinet,
1079 625 1108 672 ot
1130 612 1200 672 hine

164 705 213 752 eut
240 691 276 752 ad
304 696 494 767 praeteritum
522 706 636 770 tempor
663 705 843 756 revertemur
870 700 903 756 in
929 718 964 756 aa
989 698 1129 773 particula
1149 707 1200 759 eut

164 780 250 836 etiarn
271 777 401 836 lutrarum
422 787 594 853 spectemus.
635 777 709 838 lnde
729 781 784 838 iete
805 801 888 840 error
903 780 1084 856 quorundam
1102 801 1198 856 grem·

162 851 332 920 miticoronr
353 875 439 921 natae
456 882 520 922 eaeo
538 861 672 938 videtur,
694 867 744 938 qui
763 874 936 938 putaverunt
956 858 1020 947 ἤδη
1039 865 1103 924 iere
1120 863 1199 924 idern

70 938 78 955 “
163 963 228 1003 erae
257 944 335 1018 quod
361 945 427 1008 νῦν.
471 944 558 1025 Quod
587 945 782 1006 leleieaumnru
809 959 862 1008 eet.
904 948 976 1010 Νῦν
998 950 1078 1018 enirn
1106 956 1198 1008 mate-
1313 997 1318 1004 .

161 1028 263 1086 rialem
285 1021 445 1102 quandam,
473 1037 506 1086 at
527 1032 569 1087 ita
591 1029 698 1104 diuam,
727 1035 866 1105 temporie
886 1031 1127 1107 significationem
1147 1030 1197 1089 lra-

163 1112 229 1186 aer,
253 1103 316 1192 ἤδη
338 1122 432 1170 errtenr
453 1111 579 1187 nnllam,
599 1113 654 1182 aad
670 1121 781 1174 tantuna
802 1114 887 1174 medo
905 1117 1031 1189 pertinet
1052 1115 1087 1173 ad
1109 1133 1197 1174 anam

162 1194 309 1268 loquentia
338 1205 498 1254 acuaretenr
530 1199 572 1255 rei
599 1199 813 1272 coguitionem,
848 1208 879 1256 nt
906 1207 1038 1258 nostrone
1059 1197 1145 1256 eolrou
1167 1207 1197 1256 et

124 1297 132 1309 ⁸
161 1299 215 1336 ¹usu
245 1277 362 1352 quidem
390 1281 478 1338 etiarn
503 1277 677 1338 Latinorum
705 1287 773 1340 iouu
822 1279 883 1342 Sed
909 1280 981 1340 haee
1000 1279 1138 1340 hacteuus
1160 1279 1197 1340 de

129 1429 142 1446 ,
161 1364 254 1436 prima
282 1362 414 1422 vocabuli
442 1363 674 1437 nigrificatione,
702 1385 719 1422 a
742 1375 798 1438 qda
816 1367 881 1440 ipae
902 1366 1006 1430 multos
1028 1365 1114 1424 rideo
1137 1363 1197 1434 die·

161 1465 298 1504 eenenroe
320 1465 402 1519 aeae,
416 1447 527 1526 ,quibus
547 1457 607 1506 turn
629 1449 787 1525 obsequar,
809 1469 874 1508 cour
894 1448 1021 1524 aliquid,
1040 1447 1118 1523 qnod
1135 1467 1196 1508 me·

160 1528 218 1588 litte
239 1531 291 1602 eit,
312 1531 528 1605 proposuerint.
920 1554 922 1568 ·

150 1667 155 1678 ,
244 1610 309 1670 Hoc
335 1611 480 1686 explicata
505 1615 597 1687 prima
618 1613 774 1687 particulae
796 1612 1009 1689 significatione
1029 1621 1058 1672 et
1079 1631 1194 1686 compa·

159 1697 231 1754 ratis
256 1697 311 1769 iia,
338 1715 413 1769 qrrae
424 1715 530 1778 ,snpra
551 1699 584 1756 ia
606 1694 647 1780 ’δὴ
671 1697 812 1770 particula
834 1718 865 1771 p.
888 1700 1077 1755 eoa-⁴33.
1100 1716 1194 1770 expo·

159 1781 289 1849 animur,
317 1777 436 1837 difficile
463 1781 522 1837 ianr
548 1801 607 1839 nou
638 1782 694 1838 erit
720 1781 812 1853 ipsum
840 1771 1012 1862 ororn‘a'jdp
1036 1778 1195 1853 particulae

159 1864 343 1936 cognoscere.
384 1859 461 1922 Nam
485 1861 793 1938 qucrnllertoogiue,
822 1865 874 1936 qul
900 1863 960 1922 rol.
983 1859 1009 1922 l.
1030 1883 1060 1936 p.
1083 1864 1194 1924 235-
1252 1859 1256 1862 ’

161 1949 254 2020 244.,
279 1947 306 2003 ei
334 1946 466 2022 ringulae
485 1956 643 2020 spectamur
669 1967 743 2020 quoa
768 1947 900 2006 tractavit
924 1946 1020 2020 loooe,
1041 1965 1101 2004 uon
1119 1944 1195 2004 rnale

158 2048 221 2090 reru
255 2028 429 2104 explicavit,
464 2033 549 2103 quoni
578 2051 679 2090 rerunt
705 2051 738 2088 ae
766 2031 917 2104 proprium
944 2028 1099 2103 particulae
1129 2017 1193 2110 ἤδη

157 2131 243 2172 neum
269 2114 384 2187 posuit,
415 2119 446 2170 nt
481 2105 543 2197 ἤδη
571 2113 748 2172 materialem
780 2115 919 2185 temporis
949 2110 1194 2186 significationem
1284 2157 1289 2167 .

80 2239 93 2252 .
157 2193 266 2254 habere
285 2194 408 2264 diceret,
431 2215 514 2269 eram,
535 2198 561 2255 ei
582 2215 644 2255 rern
665 2204 742 2254 reete
764 2203 948 2269 reputemur,
970 2213 1029 2252 nou
1050 2211 1113 2256 eree
1134 2191 1194 2250 nini

158 2280 297 2336 abiraione
324 2279 446 2352 quadam
467 2281 579 2354 primae
600 2298 633 2338 ao
653 2297 740 2339 veroa
761 2277 983 2354 significationis
1005 2283 1120 2348 natum,
1148 2274 1194 2334 sa·
1237 2334 1242 2342 ,

158 2361 214 2421 oile
241 2361 377 2434 intellegi
400 2370 508 2436 potest:
540 2383 625 2436 quern
654 2370 750 2420 antem
780 2372 924 2434 tamquam
953 2357 1194 2434 metaphoricum,

157 2453 189 2504 nl
209 2448 272 2504 eino
293 2447 384 2504 verbo
407 2455 487 2519 utar,
507 2465 591 2505 unum
612 2447 750 2519 deinceps
771 2449 878 2519 posuit,
900 2464 965 2502 cunr
986 2443 1073 2502 facile
1091 2461 1193 2506 rerum
1216 2477 1222 2491 ·

156 2549 190 2587 no
216 2531 365 2604 proprium
388 2549 451 2588 esee
472 2539 603 2604 apparet.
644 2525 774 2586 Debebit
795 2530 874 2587 enim
893 2527 945 2586 illa
965 2525 1141 2601 eignilicatio
1163 2536 1193 2582 ut

116 2641 118 2644 ·
155 2613 249 2688 prime
279 2624 308 2672 et
337 2631 407 2670 vera
436 2616 525 2688 poni,
554 2631 629 2686 qaae
658 2621 703 2671 eet
726 2611 861 2670 unia-erra
880 2627 1018 2668 maxume
1037 2628 1133 2680 aeque
1155 2607 1193 2666 ad
1253 2631 1255 2640 ’
1321 2662 1323 2671 .

156 2695 288 2769 singulae
315 2705 426 2754 tantam
448 2696 532 2754 ruodo
553 2695 633 2754 loeoe
653 2695 791 2776 pertinet.
832 2690 1002 2750 Latiaaoma
1022 2699 1118 2768 autem
1140 2710 1193 2762 pa·

157 2789 198 2838 tet
222 2799 256 2836 ee
278 2779 436 2852 particulae
458 2779 650 2856 significatio,
678 2795 754 2854 quae
773 2775 862 2836 habet
883 2775 981 2849 illem,
1007 2793 1100 2848 quant
1117 2771 1192 2848 dixi,

154 2863 403 2922 adseveratiouern
425 2863 621 2937 temporalem.

240 2943 292 3003 Sic
317 2955 346 3004 et
372 2944 408 3002 od
430 2949 617 3019 praeteritura
638 2953 666 3004 et
689 2944 883 3020 adpraesens
905 2951 1019 3017 ternpus
1040 2947 1069 3002 et
1089 2937 1126 2998 ad
1146 2937 1192 2999 iu·
1304 3015 1305 3020 η

156 3036 251 3102 larum
271 3029 337 3087 niae
363 3027 424 3084 ullo
451 3027 618 3086 discrimine
643 3019 705 3110 ἤδη
726 3027 869 3100 particula
889 3026 1072 3102 adiungitur,
1092 3023 1192 3090 ¹veluti

154 3113 187 3170 iu
208 3111 268 3168 illie
289 3111 375 3179 louie,
400 3130 473 3183 quoe
495 3111 591 3184 poenit
611 3108 794 3181 Hartoagios
816 3110 837 3166 l.
856 3110 878 3165 l.
901 3131 931 3181 p.
950 3114 1013 3166 239
1029 3128 1073 3189 eg.
1115 3105 1191 3165 Nam

155 3195 181 3252 ei
204 3190 418 3268 Aristophanes
439 3196 472 3252 in
493 3189 641 3270 Equiliboe
661 3212 690 3250 r.
712 3197 773 3249 209
795 3211 838 3262 eq.
861 3191 951 3248 dixit:
1000 3251 1009 3259 ,

357 3319 414 3372 Τὸν
432 3311 482 3374 οὖν
499 3315 637 3388 δράκοντά
656 3335 742 3390 φησιν
760 3315 807 3371 τὸν
821 3323 984 3386 βυρσαίετον
1004 3351 1006 3354 -

353 3383 404 3456 ἤδη
426 3385 584 3462 κρατήσειν,
602 3391 634 3439 tel
647 3405 677 3441 rte
693 3384 732 3458 μὴ
751 3392 867 3461 θαλφθῇ
885 3383 1000 3458 λόγονῆ,
1020 3429 1023 3438 .

58 3535 65 3542 ’
155 3524 186 3586 id
214 3544 274 3584 ”⁰¹¹
303 3532 348 3586 ⁸⁸⁸
371 3527 534 3601 P¹050⁰lum
563 3545 604 3586 ex
626 3528 764 3602 temporis
782 3525 1014 3602 eiguilicatioue,
1040 3523 1094 3584 ned
1115 3519 1193 3582 nilril
1238 3522 1240 3528 ’

153 3611 273 3684 proprie
297 3608 401 3668 dicitnr
428 3610 507 3670 alind
537 3612 593 3670 uisi
621 3608 696 3686 hoo,
728 3610 764 3670 de
790 3611 843 3671 illa
873 3631 920 3683 re,
951 3629 1039 3684 quana
1065 3609 1194 3687 summu,
1258 3685 1264 3695 Ι
1330 3609 1335 3624 ι
1391 3619 1397 3631 .

155 3711 221 3755 eeee
252 3690 336 3767 dicit,
364 3694 422 3752 iarn
448 3695 537 3768 quasi
552 3694 589 3752 de
609 3713 641 3752 re
662 3701 740 3754 certo
761 3694 876 3770 cognita
897 3703 1038 3752 coartare.
1083 3689 1122 3748 Et
1143 3709 1192 3748 eo·

155 3776 220 3836 dem
249 3776 335 3835 modo
361 3778 395 3835 ia
420 3775 628 3850 Xenophontio
655 3778 787 3836 Gonoiaio
808 3797 881 3851 cap.
903 3773 945 3833 V.
968 3779 997 3847 ἦ.
1019 3777 1049 3832 5.
1071 3771 1190 3830 dicitur:

158 3850 273 3922 Οἶσθα
295 3849 365 3932 οὖν,
389 3851 472 3943 ipa,
495 3850 682 3938 ὀφθαλμῶν
703 3854 792 3932 τίνος
812 3855 907 3935 ἕνεκα
930 3853 1098 3931 dedanim·
1122 3853 1193 3934 Δῆ-

153 3939 231 4014 λον,
254 3935 336 4026 ἔφη,
358 3937 414 4006 ὅτι
434 3941 493 4005 τοῦ
515 3937 608 4026 ὁρᾶν.
648 3936 746 4004 Oilreo
765 3937 827 4018 μὲν
846 3935 954 4004 τοίνυν
981 3931 1037 4022 ''cl'q
1061 3931 1094 4000 ol
1116 3927 1192 4013 ἐμοὶ
1257 3997 1260 4006 2

153 4017 335 4106 ὀφθαλμοὶ
361 4021 531 4102 καλλίονες
558 4015 599 4087 iia
627 4026 692 4086 atio
718 4025 786 4090 σῶν
814 4017 940 4105 ai'pooe.
1012 4043 1059 4088 aar
1083 4023 1116 4081 ie
1135 4019 1192 4086 hor
