2968 4570
291 153 379 266 ¹uuo
782 187 877 282 nu,
940 220 948 226 -

316 389 434 444 qnoque
461 368 523 427 loeo
552 367 662 425 nullam
686 367 773 424 aliam
798 364 1038 441 signifieationem
1053 361 1147 422 habu
1177 355 1241 448 ἤδη
1261 365 1361 440 parti·

317 453 381 512 culn
409 463 524 526 praeter
551 452 637 509 istam
664 454 800 509 usitatum
826 469 859 505 ac
888 450 1027 522 primam,
1053 457 1083 506 et
1115 453 1157 506 sie
1177 453 1212 508 de
1233 450 1360 522 reliquis

316 537 405 609 locis,
428 556 501 610 quos
522 537 564 593 ihi
588 538 682 609 pronrrit
701 533 893 607 llortnngins,
921 533 1155 590 existumandum
1172 541 1225 591 est.
1269 532 1360 610 Quos

317 633 412 680 autern
436 618 616 694 Hartnugius
637 618 717 678 loros
741 617 843 675 ndtnlit
869 637 896 688 p.
920 617 981 674 2³5
1002 635 1085 691 σαψ,
1112 619 1142 675 in
1166 619 1273 690 quihus
1297 619 1357 675 sihi

315 707 439 777 primum
460 724 493 760 ae
509 723 606 762 veram
630 707 689 760 vim
713 701 843 760 v'ocuboli
865 689 929 806 r'p‘rlp
951 699 1176 774 deprehendisse
1196 703 1278 759 visus
1300 711 1359 773 est,

316 795 348 844 in
379 789 418 844 iin
446 795 565 860 apparet
594 805 646 861 per
673 787 841 844 abusionem
868 777 931 866 ρ’δρ
961 783 996 840 ad
1024 785 1185 858 praesentis
1216 787 1358 858 temporis

316 870 560 942 significationem
592 869 762 930 translatum
792 887 866 927 esse.
909 861 1004 924 Verbi
1032 887 1132 926 nausea
1157 869 1190 925 in
1215 887 1250 928 ee
1271 888 1358 944 voce,
1460 877 1461 936 j

311 969 405 1027 'qnam
426 953 530 1013 ludens
551 956 584 1011 iu
606 955 694 1012 rerho
716 954 813 1028 posuit
834 949 985 1024 Theognis
1007 971 1035 1010 r.
1058 955 1129 1010 852.

289 1093 300 1105 ·
326 1121 329 1136 .
443 1080 545 1138 Ἤιδειν
563 1083 618 1154 μὲν
634 1086 681 1136 καὶ
698 1079 839 1154 πρόσθεν,
855 1077 928 1166 xr’nrip
946 1075 1017 1134 uolui
1034 1075 1118 1136 λώϊον
1135 1075 1213 1150 ἥθρ,

317 1223 376 1280 qno
404 1205 435 1262 in
463 1205 526 1264 loeo
552 1205 689 1264 adverbio
718 1195 871 1284 πρόσθεν
902 1202 1042 1275 particula
1071 1193 1133 1285 ἤδη
1164 1223 1222 1260 nou
1245 1204 1284 1261 lte
1308 1223 1356 1261 re·

318 1288 458 1364 spondet,
488 1291 569 1362 quasi
598 1287 822 1363 prorsns'hueo
840 1287 920 1342 inter
940 1303 973 1343 se
993 1287 1100 1344 similia
1122 1289 1192 1355 sint,
1221 1289 1289 1358 sed,
1325 1287 1356 1345 id
1460 1291 1461 1328 ³

317 1373 395 1446 quod
425 1375 551 1431 sensisse
579 1373 692 1430 videtur
716 1375 779 1445 ipre
800 1367 997 1447 {donengium
1024 1370 1091 1442 quia
1116 1359 1178 1452 ἤδη
1199 1371 1354 1429 relativum

316 1475 380 1514 esse
414 1455 509 1525 dixit,
544 1449 696 1537 πρόσθεν
730 1451 909 1512 materialem
939 1455 1077 1526 temporis
1108 1451 1354 1528 significationem

316 1536 422 1614 hahet,
446 1529 508 1621 ἤδη
530 1559 589 1596 non
610 1541 691 1596 item.
732 1535 766 1596 ld
788 1538 950 1596 enimcum
972 1537 1090 1610 proprie
1111 1537 1146 1594 ad
1169 1536 1292 1608 suetum,
1317 1537 1354 1596 de

317 1642 376 1695 qno
402 1631 480 1680 certo
501 1623 574 1680 scire
595 1641 649 1680 nus
670 1623 808 1693 dicimus,
831 1621 1003 1694 pertineret,
1030 1619 1184 1684 hocloco.
1209 1620 1283 1695 qnod
1308 1641 1354 1677 re·

232 1761 234 1766 ,
315 1704 439 1778 spondet
460 1703 597 1764 adverbio
619 1701 785 1786 πρόσθεν,
807 1703 923 1761 videtur
940 1702 1108 1763 translatum
1131 1703 1250 1761 ennead
1272 1705 1353 1762 illan

317 1790 456 1859 temporie
483 1789 738 1864 significationem.
785 1783 866 1844 lliuo
896 1795 991 1844 antem
1023 1807 1079 1843 uon
1111 1789 1202 1860 magle
1231 1785 1355 1845 ellicitnr

316 1871 441 1944 primum
472 1868 548 1927 hano
577 1863 641 1928 esee
670 1859 731 1952 ἤδη
758 1869 889 1927 roeuhnli
916 1869 1177 1944 significationem,
1210 1891 1297 1943 quum
1328 1873 1353 1928 si

317 1955 383 2026 quis
404 1953 557 2010 contendat
575 1950 778 2010 Gennanicaru
800 1971 899 2009 uocem
920 1952 1019 2010 hereile
1039 1956 1157 2026 proprie
1181 1951 1216 2011 od
1239 1965 1352 2025 tempus

316 2037 474 2109 pertinere.
518 2035 627 2096 Eadem
649 2055 747 2093 caussa
765 2045 809 2093 est
826 2035 880 2092 loci
899 2032 1136 2110 Demostheniel,
1159 2038 1210 2109 qui
1230 2034 1354 2094 hahetur

315 2119 350 2176 in
384 2121 514 2178 oratione
545 2121 703 2197 Plrilippiun
735 2115 792 2177 lV.
825 2121 853 2190 h.
876 2123 926 2177 27.
955 2119 1000 2176 ed.
1025 2113 1125 2178 Bell.
1156 2141 1184 2194 p.
1209 2125 1278 2178 138.
1305 2120 1352 2177 ed.

316 2198 420 2262 Reisln
459 2194 551 2264 Ἀλλ’
575 2193 616 2288 ἢν
641 2199 704 2282 μὲν
728 2193 768 2264 liv
788 2219 839 2276 τις
857 2197 1042 2282 ἐλευθέρων
1060 2193 1253 2282 ἀνθρώπων
1273 2192 1354 2264 rivol-
1460 2243 1461 2282 p

316 2305 396 2366 prpe
428 2277 536 2356 εἴποι,
568 2277 608 2348 ori
639 2283 742 2362 μόνον
768 2281 830 2365 ἤδη
857 2278 1034 2366 πάρεστιν,
1057 2275 1142 2347 ἀλλὰ
1169 2280 1225 2346 καὶ
1247 2279 1355 2348 πάλαι

316 2363 533 2450 παρελήλυθε
562 2359 641 2438 κτλ,
672 2385 729 2442 qno
755 2367 819 2424 loeo
846 2369 912 2440 ipso
945 2387 1062 2443 quoque
1087 2369 1267 2426 adseveratio
1299 2371 1354 2428 ista

284 2463 288 2474 ’
318 2449 487 2524 temporalis
525 2454 567 2510 ita
599 2453 735 2526 ponitur,
775 2457 807 2507 ut
838 2452 866 2508 ei
895 2450 993 2523 aliqua
1025 2450 1185 2512 materialis
1215 2455 1361 2526 temporis,
1460 2461 1461 2520 ]

196 2543 201 2553 ’
317 2533 488 2610 significatio
520 2533 733 2608 adhaerescere
758 2531 908 2608 videatur,
941 2553 1042 2594 reuera
1073 2543 1168 2593 tamen
1200 2534 1354 2595 adhaereat
1460 2521 1461 2584 ἶ

316 2617 408 2674 nulla.
451 2611 512 2676 leta
540 2621 618 2676 enim
646 2619 784 2691 temporis
816 2615 990 2691 significatio
1020 2620 1113 2692 posita
1141 2627 1184 2677 est
1210 2621 1243 2676 in
1269 2621 1354 2677 verbi
1460 2697 1461 2700 Ἰ

315 2710 447 2773 ternpore
475 2694 644 2783 πάρεστιν.
689 2700 765 2760 Nam
786 2703 871 2766 etiam
896 2703 960 2759 sine
983 2701 1035 2759 illu
1059 2701 1200 2774 particula
1222 2699 1278 2758 dioi
1301 2723 1354 2775 po·

315 2793 408 2862 terat:
434 2774 484 2844 Ori
503 2777 605 2860 μόνον
621 2777 798 2866 πάρεστιν,
820 2775 978 2846 ἀλλὰκαὶ
998 2779 1104 2845 πάλαι
1122 2779 1353 2866 παρελήλυθε.

315 2863 384 2925 Nou
415 2869 504 2938 igitur
528 2884 683 2937 possumne
710 2869 796 2922 istam
822 2865 1034 2925 distinctionem
1057 2870 1205 2942 proprium
1227 2869 1306 2926 inter
1325 2879 1355 2927 et

315 2945 542 3021 metaphoricum
562 2964 646 3005 uerum
665 2942 727 3030 ἢθη
748 2948 905 3021 particulae
923 2969 1094 3026 agnoscere,
1115 2951 1166 3014 ead
1181 2963 1277 3010 temen
1295 2972 1354 3026 quo

315 3029 429 3088 facilius
457 3032 612 3088 uniuersus
638 3049 706 3088 nens
736 3032 869 3106 intellegi
893 3037 1000 3108 possit,
1036 3035 1067 3094 in
1095 3035 1270 3108 explicanda
1302 3035 1353 3094 hec
1460 3089 1461 3092 ,

315 3112 457 3187 particula
486 3113 617 3172 ordinem
646 3134 712 3172 enm
740 3133 912 3194 sequamur,
942 3137 1029 3191 quem
1059 3121 1146 3178 etiarn
1174 3119 1208 3177 in
1229 3128 1351 3194 cognate

314 3196 456 3271 particula
478 3191 518 3280 dr)
543 3199 634 3256 secuti
655 3217 763 3256 snmus.

397 3278 476 3339 Nam
503 3301 592 3355 qnom
619 3271 681 3364 ἤδη
712 3303 789 3356 rem,
818 3281 855 3340 de
882 3301 940 3356 que
968 3283 1052 3354 quasi
1084 3281 1119 3340 de
1142 3283 1216 3343 laeta
1238 3304 1271 3343 re
1293 3285 1353 3342 iem

315 3373 445 3435 constet,
476 3359 625 3438 designet,
653 3365 732 3424 iubet
759 3363 920 3424 auditorem
949 3385 1008 3424 uon
1034 3367 1159 3440 emplius
1183 3377 1352 3441 exspectare

315 3465 408 3520 nenne
429 3446 498 3503 dum
521 3447 571 3504 fiet
595 3448 723 3522 aliquid,
750 3449 800 3506 seul
822 3451 905 3520 qnasi
925 3449 1032 3507 lactum
1054 3449 1144 3523 illud,
1171 3449 1288 3522 dequo
1311 3451 1353 3507 tli-

315 3531 404 3602 eitnr,
430 3531 530 3604 ponit,
560 3530 637 3605 qnod
657 3541 686 3588 et
709 3529 745 3588 ad
767 3534 953 3605 praeteritum
974 3545 1087 3606 tempus
1108 3545 1136 3590 et
1157 3532 1192 3590 ad
1215 3553 1352 3607 praeseus
1460 3555 1461 3572 ν

314 3621 346 3670 et
373 3611 409 3669 ad
435 3613 564 3670 futurum
592 3617 734 3688 pertinet,
762 3615 854 3672 velun
876 3616 904 3672 ei
924 3612 1095 3690 Xenophon
1116 3617 1147 3672 iu
1171 3617 1352 3692 Enpmliliune

317 3695 383 3766 curs·
413 3693 465 3754 lib.
494 3693 532 3753 ll.
563 3715 627 3771 cap.
650 3703 680 3752 2.
712 3698 740 3767 ς.
765 3701 794 3753 3.
827 3694 910 3754 dieite
943 3697 1043 3760 Μετὰ
1072 3695 1110 3761 δὲ
1138 3697 1256 3772 ναῦτα,
1288 3691 1350 3780 ἤδη

321 3769 332 3794 ‹

309 3773 412 3940 plion
435 3771 601 3853 δύνοντος,
629 3774 834 3858 συγκαλέσας
854 3777 934 3854 τοὺς
954 3776 1155 3862 στρατηγοὺς
1176 3777 1233 3842 καλ
1254 3778 1350 3858 luzu-
1460 3759 1461 3812 l

314 3855 393 3934 'orig
417 3852 508 3936 ἔλεξε
533 3854 647 3922 τοιάδε
676 3853 757 3928 xri..
786 3881 821 3921 eo
851 3861 914 3922 loco
939 3852 1000 3946 ἤδη
1026 3864 1165 3938 particula
1188 3863 1296 3922 indicat
1317 3880 1351 3920 eo
1460 3901 1461 3912 r

316 3951 467 4016 ternpore,
494 3965 552 4017 qno
580 3947 785 4003 convocaverit
807 3945 893 4006 duces
914 3951 1063 4006 exercituo
1087 3945 1254 4022 Clearchus,
1279 3950 1352 4003 oou'·

316 4024 395 4084 disse
421 4028 480 4084 iarn
508 4028 616 4100 solem,
646 4039 678 4085 nt
706 4047 744 4086 ne
761 4031 894 4112 ¹nmplies
914 4029 1142 4106 exspeoludnm
1163 4039 1239 4092 unet
1261 4051 1351 4104 neque
