2974 4588
515 234 636 309 ttici
668 261 725 312 ra·
808 256 813 268 '
1101 247 1145 316 di

98 417 188 487 etone
216 408 331 470 imitata
357 409 396 471 alr
422 405 532 472 Atticis
552 415 767 492 scriptoribus,
798 413 877 491 quod
901 418 931 477 et
950 436 1004 493 per
1024 437 1057 478 ee
1077 433 1146 479 raro

98 496 167 556 telio
189 497 337 555 uno-se
360 503 424 556 erat
443 495 617 558 declaranda
637 508 668 560 ct
688 519 744 576 per
767 499 841 564 aliae
861 501 969 564 multae
988 505 1166 579 particulae„

97 581 296 642 circumscribi
316 587 443 656 poterut.

476 756 644 832 Ἀλλά
696 787 763 832 σε.

181 915 297 980 Eadem
323 916 388 986 iere
414 917 545 993 ratione,
573 939 632 994 qna
658 918 745 979 modo
766 919 891 981 vidimus
912 920 950 982 ad
971 921 1144 998 particulam
1155 927 1237 989 Ἀλλά
1253 949 1290 991 re.
1380 993 1384 1002 ,

98 995 186 1067 ἀλλὰ
206 1003 363 1064 accersisse
384 1002 557 1076 particulam
576 1003 735 1064 encliticam
751 1001 826 1090 πέρ,
849 1005 959 1065 adiecta
972 1005 1009 1066 ad
1021 1008 1144 1068 eandem

97 1089 273 1164 perticulam
290 1088 423 1146 enclitice
441 1082 478 1151 σὲ
499 1095 551 1146 ert.
593 1085 630 1167 ld
651 1092 731 1148 enin
751 1091 791 1148 ita
813 1088 928 1150 demum
950 1091 1017 1152 lieri
1038 1095 1144 1174 potnit,

99 1181 130 1230 ut
149 1163 237 1234 ἀλλὰ
258 1189 323 1230 enm
340 1173 443 1230 ceteris
460 1173 668 1233 enuntiationis
684 1174 834 1248 particulis
848 1177 946 1250 aptiae
960 1178 1143 1254 iungeretur,

10 1317 11 1320 ,
99 1277 158 1332 quo
178 1257 275 1332 iacto,
302 1255 383 1314 nrnfle
406 1257 578 1330 interposita
601 1256 769 1333 aliamne,
793 1257 927 1319 accedere
952 1269 1052 1336 posset
1073 1281 1143 1337 per·

98 1340 187 1400 ticula
206 1337 254 1417 σέ,
275 1359 352 1417 quae
372 1341 429 1399 nisi
452 1349 518 1415 post
538 1361 628 1400 unam
649 1341 805 1402 alteramve
826 1345 890 1404 eius
908 1347 1060 1420 enuntiati,
1083 1365 1142 1421 quo

96 1428 267 1502 pertineret,
278 1425 450 1502 particulam
464 1425 568 1484 inferri
580 1446 667 1500 posse
679 1445 739 1485 noo
752 1422 908 1487 rideretur.
934 1428 1033 1509 Quom
1046 1439 1161 1508 autent,

9 1561 10 1566 ,
95 1508 238 1585 particulo
251 1505 287 1574 τὲ
300 1517 368 1567 nata
382 1519 462 1570 esset
471 1529 511 1568 ex
522 1509 616 1568 forma
630 1511 729 1586 aliqua
741 1513 923 1586 pronominis
936 1505 992 1587 σός
1007 1509 1066 1598 (σῂ
1079 1515 1141 1573 sor·

97 1603 183 1671 tasse,
203 1593 283 1670 qnod
301 1595 391 1652 suerit
406 1595 569 1668 antiquitus
585 1590 634 1657 σεὶ
647 1614 701 1654 eeu
715 1598 812 1670 potius
830 1595 913 1666 TEI,
934 1605 966 1654 ut
980 1597 1141 1670 particulae

99 1671 175 1751 καί,
204 1697 278 1752 quae
302 1699 341 1737 ex
360 1681 535 1753 pronomine
555 1678 679 1738 relativo
703 1685 772 1738 nata
794 1698 858 1738 esee
879 1679 1011 1754 videtur,
1038 1680 1141 1744 eodem

96 1773 221 1836 prorsus
248 1761 333 1820 modo
357 1761 566 1838 responderet,
596 1782 654 1837 quo
678 1761 836 1838 particulae
860 1760 989 1832 Latinae
1013 1773 1074 1827 tect
1099 1800 1138 1813 -

97 1863 187 1922 qnam
209 1843 258 1904 rel
279 1864 333 1922 quo
355 1847 392 1891 ἐ-
416 1865 473 1924 «too
493 1847 572 1905 inter
591 1866 625 1907 ee
644 1847 805 1922 excipiunt,
827 1845 938 1921 quade
958 1853 990 1908 r'e
1012 1857 1041 1908 et
1060 1845 1140 1910 Har·

96 1929 218 2005 tnogius
240 1927 262 1986 l.
285 1928 306 1988 l.
330 1929 389 1989 rol.
414 1927 440 1988 l.
464 1951 492 2006 p.
515 1933 556 1990 64
578 1951 624 2006 sq.
649 1932 815 1991 conseratur
836 1939 866 1991 et
889 1951 960 1992 vero
985 1950 1035 2008 ea,
1063 1953 1140 2008 quae

95 2033 148 2072 uos
167 2013 247 2073 infra
268 2010 479 2089 disputabimus
501 2012 538 2073 de
556 2012 604 2075 his
625 2017 699 2090 ipris
713 2015 865 2090 particulis
878 2035 931 2076 eno
946 2014 1039 2090 loco),
1061 2016 1139 2078 nihil

94 2100 191 2172 potnit
218 2097 299 2156 aliud
329 2101 490 2158 coniunctis
519 2101 584 2159 istis
612 2099 762 2174 particulis
792 2091 879 2162 ditet
907 2119 943 2162 τε
976 2101 1138 2174 significari

94 2183 169 2240 nisi:
200 2191 233 2242 ct
254 2182 355 2260 oltqoo
374 2189 499 2254 cottone,
522 2191 554 2242 ot
575 2183 629 2242 toli
649 2185 748 2262 atiquo
768 2189 895 2255 cottone,
919 2191 952 2242 ut
971 2183 1035 2244 fere
1056 2192 1138 2244 ente·

95 2264 209 2325 omenti
227 2265 388 2340 particulae
408 2262 445 2332 σὲ
465 2266 655 2341 responderet
674 2265 731 2328 hoc
752 2256 838 2330 ἄλλά
854 2288 899 2338 σε,
922 2276 972 2326 aut
991 2274 1068 2328 certe
1085 2270 1138 2330 tali

94 2349 184 2408 alieni
211 2351 336 2428 notioni.
384 2350 452 2431 Qua
484 2349 520 2411 de
546 2371 580 2412 re
609 2372 699 2426 quom
724 2354 784 2412 iam
812 2349 997 2429 Hartungiur
1024 2352 1084 2413 sol.
1109 2351 1136 2414 l.

93 2453 126 2508 p.
148 2437 189 2492 69
209 2452 255 2510 eq.
273 2437 346 2495 ectio
362 2443 492 2494 accurata
513 2435 716 2510 explicaverit,
738 2434 815 2506 nihil¹
828 2436 914 2495 nobis
930 2445 1041 2497 restare
1057 2437 1138 2498 aliud

92 2513 221 2593 videtur,
252 2519 309 2577 nisi
338 2525 372 2576 ut
401 2518 567 2594 explicandi
596 2518 682 2578 huius
709 2540 780 2580 usus
797 2541 908 2590 „caraem
938 2521 1048 2598 aliquot
1076 2525 1138 2584 ian

93 2600 231 2678 exemplo
250 2609 452 2677 uenrpemne.'
476 2601 525 2663 Ac
542 2604 669 2677 primum
687 2602 805 2677 quidem
823 2625 932 2678 ponam
946 2623 1014 2663 enm
1029 2603 1137 2682 locum,

92 2685 130 2744 de
156 2707 216 2761 qno
242 2687 302 2746 ianr
329 2706 419 2761 supra
447 2707 478 2762 p.
503 2688 542 2746 15
564 2706 609 2759 aq.
640 2690 772 2762 egimus,
805 2705 844 2745 ex
873 2683 998 2745 Homeri
1023 2689 1137 2748 Iliados

90 2769 142 2828 lib.
163 2766 189 2829 l.
218 2775 312 2829 r.-81
337 2791 403 2848 sep,
432 2790 520 2849 quem
544 2764 712 2829 rectissume
738 2767 791 2830 Fr.
820 2769 902 2845 Aug.
929 2767 1062 2838 Wolfiur
1094 2774 1137 2832 ita

90 2855 258 2913 constituite

219 2985 309 3070 ξῖπςρ
328 2979 383 3056 γάρ
402 3003 430 3038 σε
443 2980 531 3068 gilon
548 3001 582 3064 ye
599 2984 647 3038 καὶ
664 2979 962 3108 oripipuepwucronc‘rty,

221 3055 292 3105 atio
308 3069 337 3106 re
354 3057 402 3106 καὶ
416 3059 587 3124 paromoeon
606 3053 663 3123 ἔχει
681 3071 770 3122 rotor,
789 3073 865 3124 σφρα
882 3057 924 3108 rel
942 3069 1002 3127 cop,

220 3120 254 3176 ir
272 3114 421 3189 orpteooer
437 3121 522 3176 ἑοῖσι·
540 3119 576 3175 σὺ
593 3122 625 3176 δὲ
642 3119 758 3196 φράσαι,
777 3125 805 3176 εἴ
818 3139 855 3194 με
872 3119 996 3184 σαώσεις.

86 3241 136 3304 Ibi
161 3244 242 3304 euim
264 3251 419 3320 postquam
443 3243 551 3304 dictum
573 3249 632 3305 eet:
662 3245 696 3303 Si
716 3264 850 3304 momtme
870 3247 944 3304 enim
963 3245 1062 3323 oliqtto
1081 3267 1134 3308 rn-

89 3333 168 3387 tiooe
189 3362 228 3374 -
251 3328 327 3388 cinit
353 3331 433 3389 enim
455 3329 578 3404 impedit
599 3350 657 3404 quo
680 3331 775 3388 minus
795 3325 851 3386 hoc
874 3329 956 3402 prius
978 3324 1015 3394 σὲ
1034 3331 1134 3408 paullo

86 3413 229 3487 pinguius
255 3411 374 3473 reddam
396 3411 452 3473 hoe
475 3405 561 3472 modo
589 3445 629 3456 -
655 3417 730 3472 iram
754 3412 864 3492 peridem
884 3417 969 3474 ettam
990 3415 1042 3476 ltoo
1062 3426 1135 3476 tereti

86 3499 170 3572 poris
190 3505 328 3556 mortecto
352 3498 512 3568 collibuerit,
534 3505 565 3556 st
587 3497 641 3556 toli
664 3497 762 3574 aliquo
781 3501 892 3557 ratione
913 3503 999 3561 etium
1017 3502 1135 3577 postloo

87 3579 172 3638 tctcr
195 3584 287 3652 trum,
307 3589 339 3639 ot
359 3579 504 3657 perficiat,
523 3584 554 3640 to
572 3589 683 3658 pectore
701 3599 763 3641 aco.
806 3577 857 3639 Sic
879 3582 967 3640 etiam
987 3584 1020 3641 iu
1041 3583 1135 3644 altero

86 3661 161 3806 dim,
184 3683 275 3739 qoem
295 3659 400 3724 adtulit
417 3662 603 3743 llartuuginr
623 3684 664 3726 ex
683 3663 793 3726 rttatoe
812 3665 865 3726 lib.
882 3661 928 3725 X·
946 3687 976 3728 r.
995 3667 1057 3728 22⁵
1077 3687 1137 3742 sep,

439 3847 558 3906 Μοῦσος
573 3841 598 3899 d
616 3845 696 3915 εἴπερ
713 3861 742 3898 σε
761 3837 830 3912 vodo
848 3883 856 3910 ,
896 3873 899 3878 Δ

234 3904 306 3968 ἄλλά
324 3909 357 3968 ri
375 3911 403 3969 ol
419 3910 548 3989 βράσσων
565 3930 594 3968 re
614 3908 686 3978 νόος,
704 3910 788 3982 λεπτὴ
805 3863 846 3968 dd
856 3925 884 3966 re
899 3907 988 3978 μῆτις·

87 4027 152 4095 Ησσ
179 4039 244 4110 eet,
270 4038 298 4097 ei
326 4036 443 4115 singule
469 4037 605 4100 rohmue
626 4038 758 4091 accurate
778 4031 934 4107 perseqcia
962 4025 1050 4091 ector
1067 4045 1135 4096 octo

88 4121 384 4203 dmmltpne
403 4125 515 4186 rmtore
534 4119 762 4203 potetmmerit,
784 4123 817 4178 ot
836 4113 1138 4261 totgpltpnorottore
