3012 4580
261 155 263 160 Ι
313 180 378 252 328
625 176 772 271 *mys
797 201 890 258 coc,
922 179 1041 264 γοῦν.

313 352 482 412 auctoritots
507 349 661 412 constituit.
697 343 774 410 'Non
798 348 889 408 multo
913 346 1001 408 slltsr
1029 367 1077 410 ros
1102 361 1168 410 sese
1182 329 1298 422 babet,
1328 349 1362 410 si

313 436 452 514 porticulo
482 429 518 516 γὲ
548 436 579 493 in
609 435 671 494 eius
701 432 782 492 modi
810 432 882 492 locis
910 443 978 508 post
1004 433 1121 494 nomeu
1139 433 1361 493 snbstustisusu

313 523 419 586 reiecto
439 527 493 595 cst,
514 518 607 580 veluti
629 520 662 578 in
683 511 895 592 Aristophanis
915 521 991 576 Pons
1014 537 1044 579 r.
1070 519 1142 577 452.
1166 517 1288 577 dicitur-s

493 647 555 703 'unt
571 651 620 703 soii
637 649 737 724 τροχοῦ
755 649 786 719 γ’
804 647 908 736 ἕλκοιτο
923 643 1164 734 poorryodpcvor,

313 773 420 852 quibus
437 773 471 832 in
492 773 591 832 verbis
611 773 659 832 vis
680 789 713 830 uc
731 778 859 846 potestus
877 772 1004 830 nominis
1026 772 1118 846 ipsius
1140 768 1271 830 effertur.
1313 767 1360 830 Et

312 856 385 917 boec
407 855 524 932 quidem
545 855 681 914 hactenus
702 853 739 915 de
761 854 949 914 collocutione
971 855 1129 929 particulae
1153 851 1206 934 γε’,
1237 852 1358 928 quondo

276 979 285 991 ,
314 941 423 1004 secedit
450 938 487 998 ad
514 933 770 1014 piaepositionem.
812 936 996 1015 intellegitur
1023 941 1102 1008 enim
1128 938 1215 998 sscils
1242 958 1282 996 ex
1304 936 1357 998 luis

312 1024 385 1092 locis
413 1024 546 1089 omnibus
576 1043 677 1082 rerum
704 1020 778 1080 illud
805 1042 870 1083 esse
893 1029 1098 1097 praeceptum,
1122 1021 1293 1097 particulam
1316 1017 1356 1102 γὲ

313 1129 379 1174 cam
399 1107 503 1172 ciserno
525 1125 635 1183 vocem,
661 1127 749 1179 quam
770 1107 899 1180 excipiat
920 1109 951 1164 in
972 1106 1126 1165 verborum
1148 1104 1259 1164 ordine.

396 1189 480 1250 Haec
503 1190 605 1265 regula
626 1199 739 1249 serrata
761 1200 803 1248 est
824 1190 911 1248 etism
932 1191 975 1248 ibi
991 1211 1007 1248 e
1022 1186 1143 1249 Graecis
1157 1188 1357 1264 scriptoribus,

313 1277 339 1340 si
359 1274 475 1352 mundo
497 1274 533 1332 sb
552 1294 585 1332 es
601 1275 750 1336 aberrasse
765 1273 822 1332 risi
835 1281 903 1335 snut
916 1274 1109 1348 grammaticis
1123 1275 1243 1333 nostris.
1277 1269 1355 1330 Nem

313 1361 366 1434 qui
385 1357 435 1418 bic
456 1359 582 1432 prolerri
603 1367 724 1439 possunt
745 1357 819 1432 loci,
848 1359 870 1415 ii
891 1367 940 1416 eut
963 1357 1040 1423 salso
1062 1357 1202 1418 intellecti
1227 1365 1294 1416 sunt
1318 1357 1355 1414 ab

312 1443 519 1518 interpretibus
540 1443 590 1512 s'ut
610 1449 678 1502 suut
698 1441 744 1500 illi
765 1439 882 1515 quidem
902 1444 943 1508 its
964 1443 1131 1516 comparati,
1152 1451 1183 1498 ut
1198 1442 1276 1499 inter
1290 1460 1354 1499 esur

312 1541 423 1602 vocem,
444 1547 520 1604 quoe
538 1523 667 1603 effertur,
688 1533 718 1584 et
736 1529 815 1584 inter
833 1527 1003 1600 porticulum
1023 1521 1060 1605 γὲ
1081 1525 1181 1600 eliqua
1193 1525 1355 1590 voxinter·

312 1601 388 1680 docto
407 1609 538 1687 legatur,
561 1599 636 1684 quos
658 1631 759 1669 sonum
781 1609 895 1668 nullum
916 1611 947 1668 iu
970 1612 1100 1668 oratioue
1123 1605 1231 1667 babere
1251 1611 1355 1688 possit,

313 1705 345 1760 nt
366 1715 425 1777 quo
448 1695 601 1758 referenda
626 1697 665 1760 sit
690 1693 831 1772 particula
852 1695 1001 1758 obscurum
1025 1713 1170 1752 essenon
1192 1703 1290 1768 (pirent.

397 1777 502 1838 Dicam
530 1777 567 1836 de
596 1778 688 1837 sltero
715 1797 823 1852 genere
852 1781 942 1854 prius.
985 1775 1062 1836 Nom
1091 1777 1197 1852 quibus
1225 1778 1257 1834 in
1284 1776 1355 1836 locis

313 1857 516 1940 particulare*
544 1852 741 1944 ὑπερβάιως
767 1861 863 1934 positu
890 1881 955 1920 essu
981 1863 1048 1920 risa
1075 1871 1118 1920 est
1144 1861 1234 1919 rerbi'
1255 1879 1356 1928 cnosso

313 1943 366 2004 Fr.
390 1941 529 2002 Ellendto
558 1945 591 2002 in
619 1947 725 2002 unico
754 1943 906 2020 Sophocleo
933 1940 1006 2007 Vol.
1027 1941 1052 2006 Ι.
1075 1965 1104 2026 p.
1129 1948 1217 2018 349„
1248 1946 1271 2002 ii
1300 1943 1356 2002 loci

269 2037 275 2044 '
313 2027 401 2088 facile
425 2029 555 2086 revocari
583 2033 724 2102 poterunt
738 2025 774 2083 ad
796 2048 975 2086 communem
995 2026 1137 2102 loquendi
1157 2026 1302 2104 regulum,
1325 2035 1357 2084 nt

314 2115 364 2172 vir
381 2110 585 2171 'doctissumus
612 2111 644 2168 in
673 2111 844 2185 quibusdum
868 2110 1033 2171 eiusmodi
1060 2112 1131 2171 locis
1154 2113 1219 2185 ipss
1242 2109 1356 2170 intelic-

313 2198 398 2256 xisse
430 2195 554 2256 ridetur.
607 2192 656 2253 Ao
687 2197 814 2270 primum
846 2196 965 2272 quidm
994 2195 1046 2256 ills
1076 2197 1175 2272 posuit
1202 2191 1356 2272 Sophoclis

318 2279 387 2340 (led.
407 2299 466 2356 cop.
486 2299 516 2338 v.
537 2282 610 2338 714.
632 2277 678 2338 ed.
699 2276 802 2337 Herm.

479 2380 1100 2530 tssstntsittstuts’sitsi

317 2583 376 2638 quo
404 2563 438 2622 in
464 2561 527 2622 loco
555 2585 641 2639 quoru
667 2563 780 2639 Apollo
805 2567 898 2640 ipsius
925 2573 1119 2646 opponeretur
1144 2567 1357 2642 interpretibus,

315 2648 432 2722 putavit
453 2645 607 2708 Ellendtus
633 2648 770 2710 debuisse
794 2640 856 2714 ἀπ’
881 2640 983 2714 utitor]
1003 2671 1038 2730 γε
1063 2649 1129 2710 dici.
1173 2648 1206 2710 ld
1231 2650 1285 2710 dici
1307 2672 1358 2726 po-

317 2733 409 2793 tuisse
429 2732 517 2791 sociis
539 2733 663 2794 adducor
685 2745 715 2791 nt
740 2735 869 2810 credam,
894 2737 979 2794 etism
1003 2733 1138 2800 debuisse
1159 2735 1200 2798 its
1221 2732 1279 2792 dici
1300 2755 1359 2793 non

316 2812 413 2874 credo.
455 2814 553 2874 Potuit
574 2820 653 2874 eninr
672 2817 773 2874 eodem
792 2819 856 2874 iure
871 2819 960 2874 etium
973 2819 1068 2890 ipsius
1084 2816 1237 2892 Apollinis
1254 2839 1360 2886 numen
1384 2845 1388 2853 ·

317 2897 430 2972 efferri,
452 2919 510 2970 quo
531 2901 726 2972 pronominis,
747 2909 834 2972 atque
855 2901 895 2957 its
916 2899 988 2964 dici:
1012 2921 1068 2961 oon
1089 2903 1124 2960 ab
1144 2902 1277 2978 Apolline
1296 2907 1360 2980 qui-

317 2981 379 3038 dum
400 2983 472 3055 ipso,
493 2979 543 3038 scd
558 2979 593 3038 ub
606 2985 665 3038 cius
679 2973 883 3060 interpretibus.
924 2981 1017 3062 ldquo
1031 2988 1071 3045 itu
1085 2986 1182 3046 animo
1197 2989 1360 3062 concepisse

316 3059 492 3138 Sophoclem
513 3063 641 3137 produnt
663 3085 709 3141 ee,
752 3085 805 3126 une
820 3069 916 3143 posuit
930 3073 1027 3130 verbu.
1070 3067 1189 3128 Etenim
1202 3068 1260 3128 dici
1272 3072 1360 3136 etism

318 3145 490 3222 simplicitet
511 3151 621 3222 botulli
647 3139 706 3213 οὒκ
727 3146 795 3220 arrd
823 3147 950 3232 Φοίβου
971 3173 1016 3232 γε,
1039 3141 1108 3214 cirri
1134 3148 1171 3220 δὲ
1192 3157 1255 3214 suiv
1274 3145 1360 3235 ὑπη-

319 3229 446 3330 psffuiv„
476 3241 523 3306 ut,
555 3253 631 3316 quse
660 3243 727 3308 post
754 3227 881 3314 Φοίβου
903 3255 938 3314 γε
961 3233 1072 3300 adiecta
1094 3238 1185 3296 verbs
1206 3245 1273 3299 sunt
1295 3227 1357 3299 ἀπ’

320 3313 439 3390 αυτοῦ,
467 3314 545 3375 nibil
571 3319 631 3377 nisi
656 3319 821 3384 uberiorem
842 3317 989 3391 quandum
1012 3321 1057 3382 rei
1081 3319 1306 3394 explicationem
1328 3323 1360 3381 iu

320 3417 352 3456 ss
374 3401 548 3462 contineant.
592 3400 691 3483 Quom¹
711 3401 834 3468 alterum
855 3401 950 3461 locum
969 3421 1008 3462 cx
1021 3402 1233 3470 esdem‘iubuls
1246 3425 1274 3466 r.
1287 3408 1359 3472 715.

318 3483 418 3568 posuit
439 3479 616 3544 Ellendtusz
1044 3486 1050 3496 '

493 3599 549 3650 Kal
567 3593 614 3649 cdv
630 3598 695 3678 ptr,
712 3573 806 3669 ὥανιερ
823 3595 852 3668 γ’
874 3594 889 3664 ἦ
908 3595 997 3670 φάτις,
1014 3602 1087 3662 ξένοι
1102 3602 1170 3658 nori

492 3667 588 3740 λῃσταὶ
608 3664 758 3738 φονευουσ’
778 3667 809 3721 ἐν
825 3669 950 3741 spurciciis
966 3665 1108 3740 ἁμαξιιοῖς
1123 3671 1188 3740 xri„

275 3853 281 3860 ¹
319 3788 361 3846 ibi
373 3788 440 3845 etsi
462 3785 521 3846 dici
539 3789 646 3862 potnit:
667 3783 782 3871 ὥσπερ
806 3784 826 3874 ip'
849 3774 885 3872 pie
906 3784 1017 3875 φάτις,
1041 3803 1139 3854 temen
1161 3791 1361 3854 nondixsrinr

268 3915 270 3920 .
320 3879 436 3930 uectore
456 3867 592 3932 Ellendto
613 3871 688 3932 benc
708 3871 877 3951 legitomim
894 3877 984 3937 fuisos
1002 3882 1155 3938 verborum
1174 3879 1361 3954 positionem,

320 3953 442 4015 alterum
463 3958 559 4016 uriuus
582 3958 759 4034 legittimum.
800 3957 878 4020 Nem
899 3982 988 4036 quom
1000 3957 1172 4036 possctncoi
1186 3953 1247 4047 stip
1262 3954 1363 4046 φάτις

321 4045 350 4100 et
369 4039 504 4102 universo
525 4039 613 4117 bsec,
642 4061 717 4122 quus
738 4045 933 4125 interponitur
953 4065 1030 4108 roxa
1059 4041 1175 4130 ὥσπερ
1202 4035 1223 4133 ἢ
1250 4037 1361 4131 φάτις,
