<?xml version="1.0" encoding="UTF-8"?>
<!DOCTYPE html PUBLIC "-//W3C//DTD XHTML 1.0 Transitional//EN"
    "http://www.w3.org/TR/xhtml1/DTD/xhtml1-transitional.dtd">
<html xmlns="http://www.w3.org/1999/xhtml" xml:lang="en" lang="en">
 <head>
  <title>
</title>
<meta http-equiv="Content-Type" content="text/html;charset=utf-8" />
  <meta name='ocr-system' content='tesseract 3.04.00' />
  <meta name='ocr-capabilities' content='ocr_page ocr_carea ocr_par ocr_line ocrx_word'/>
</head>
<body>
  <div class='ocr_page' id='page_1' title='image "./matthaeidevarii00klotgoog_0380.png"; bbox 0 0 3012 4580; ppageno 0'>
   <div class='ocr_carea' id='block_1_1' title="bbox 472 1198 850 1270">
    <p class='ocr_par' dir='ltr' id='par_1_1' title="bbox 472 1198 850 1270">
     <span class='ocr_line' id='line_1_1' title="bbox 472 1198 850 1270; baseline -0.005 0"><span class='ocrx_word' id='word_1_1' title='bbox 472 1204 727 1270; x_wconf 76' lang='lat' dir='ltr'><strong>llAl’U&#39;l&#39;</strong></span> <span class='ocrx_word' id='word_1_2' title='bbox 778 1198 850 1270; x_wconf 80' lang='lat' dir='ltr'><strong>vti.</strong></span> 
     </span>
    </p>
   </div>
   <div class='ocr_carea' id='block_1_2' title="bbox 347 1343 977 1473">
    <p class='ocr_par' dir='ltr' id='par_1_2' title="bbox 347 1343 977 1473">
     <span class='ocr_line' id='line_1_2' title="bbox 347 1343 977 1473; baseline -0.003 -25"><span class='ocrx_word' id='word_1_3' title='bbox 347 1369 420 1450; x_wconf 84' lang='lat' dir='ltr'><strong>lle</strong></span> <span class='ocrx_word' id='word_1_4' title='bbox 481 1343 977 1473; x_wconf 26' lang='lat' dir='ltr'><strong>particulafdi.</strong></span> 
     </span>
    </p>
   </div>
   <div class='ocr_carea' id='block_1_3' title="bbox 9 1607 1249 4254">
    <p class='ocr_par' dir='ltr' id='par_1_3' title="bbox 142 1607 1249 2858">
     <span class='ocr_line' id='line_1_3' title="bbox 226 1607 1249 1688; baseline 0.004 -19"><span class='ocrx_word' id='word_1_5' title='bbox 226 1609 373 1674; x_wconf 81' lang='lat' dir='ltr'><strong>Particule</strong></span> <span class='ocrx_word' id='word_1_6' title='bbox 405 1607 443 1678; x_wconf 57' lang='lat' dir='ltr'><strong>tle*</strong></span> <span class='ocrx_word' id='word_1_7' title='bbox 474 1611 600 1674; x_wconf 76' lang='lat' dir='ltr'><strong>dubitari</strong></span> <span class='ocrx_word' id='word_1_8' title='bbox 628 1631 689 1672; x_wconf 90' lang='lat' dir='ltr'><strong>nen</strong></span> <span class='ocrx_word' id='word_1_9' title='bbox 718 1619 817 1688; x_wconf 81' lang='lat' dir='ltr'><strong>puteat</strong></span> <span class='ocrx_word' id='word_1_10' title='bbox 845 1613 919 1688; x_wconf 86' lang='lat' dir='ltr'><strong>quin</strong></span> <span class='ocrx_word' id='word_1_11' title='bbox 947 1631 1013 1672; x_wconf 85' lang='lat' dir='ltr'><strong>cnm</strong></span> <span class='ocrx_word' id='word_1_12' title='bbox 1040 1611 1183 1688; x_wconf 82' lang='lat' dir='ltr'><strong>ampliore</strong></span> <span class='ocrx_word' id='word_1_13' title='bbox 1199 1615 1249 1676; x_wconf 78' lang='lat' dir='ltr'><strong>At.</strong></span> 
     </span>
     <span class='ocr_line' id='line_1_4' title="bbox 142 1691 1185 1778; baseline 0 -22"><span class='ocrx_word' id='word_1_14' title='bbox 142 1695 239 1756; x_wconf 81' lang='lat' dir='ltr'><strong>ferme</strong></span> <span class='ocrx_word' id='word_1_15' title='bbox 272 1691 313 1778; x_wconf 73' lang='lat' dir='ltr'><strong>dr}</strong></span> <span class='ocrx_word' id='word_1_16' title='bbox 344 1696 385 1754; x_wconf 87' lang='lat' dir='ltr'><strong>ita</strong></span> <span class='ocrx_word' id='word_1_17' title='bbox 417 1705 538 1773; x_wconf 75' lang='lat' dir='ltr'><strong>cognate</strong></span> <span class='ocrx_word' id='word_1_18' title='bbox 569 1697 625 1772; x_wconf 85' lang='lat' dir='ltr'><strong>eit,</strong></span> <span class='ocrx_word' id='word_1_19' title='bbox 657 1716 746 1770; x_wconf 87' lang='lat' dir='ltr'><strong>quem</strong></span> <span class='ocrx_word' id='word_1_20' title='bbox 774 1695 812 1756; x_wconf 74' lang='lat' dir='ltr'><strong>etl</strong></span> <span class='ocrx_word' id='word_1_21' title='bbox 835 1696 952 1756; x_wconf 81' lang='lat' dir='ltr'><strong>mudum</strong></span> <span class='ocrx_word' id='word_1_22' title='bbox 977 1697 1185 1772; x_wconf 85' lang='lat' dir='ltr'><strong>particularum</strong></span> 
     </span>
     <span class='ocr_line' id='line_1_5' title="bbox 142 1773 1185 1862; baseline 0.004 -24"><span class='ocrx_word' id='word_1_23' title='bbox 142 1773 204 1856; x_wconf 77' lang='grc' dir='ltr'><strong>μὲν</strong></span> <span class='ocrx_word' id='word_1_24' title='bbox 244 1785 273 1837; x_wconf 90' lang='lat' dir='ltr'><strong>et</strong></span> <span class='ocrx_word' id='word_1_25' title='bbox 306 1773 373 1862; x_wconf 77' lang='grc' dir='ltr'><strong>μὴν</strong></span> <span class='ocrx_word' id='word_1_26' title='bbox 406 1779 517 1840; x_wconf 81' lang='lat' dir='ltr'><strong>iermae</strong></span> <span class='ocrx_word' id='word_1_27' title='bbox 553 1781 735 1854; x_wconf 86' lang='lat' dir='ltr'><strong>correptione</strong></span> <span class='ocrx_word' id='word_1_28' title='bbox 768 1787 798 1839; x_wconf 90' lang='lat' dir='ltr'><strong>et</strong></span> <span class='ocrx_word' id='word_1_29' title='bbox 829 1780 1020 1856; x_wconf 83' lang='lat' dir='ltr'><strong>productione</strong></span> <span class='ocrx_word' id='word_1_30' title='bbox 1051 1779 1185 1842; x_wconf 72' lang='lat' dir='ltr'><strong>eirenae</strong></span> 
     </span>
     <span class='ocr_line' id='line_1_6' title="bbox 144 1860 1187 1944; baseline 0.001 -23"><span class='ocrx_word' id='word_1_31' title='bbox 144 1881 326 1922; x_wconf 83' lang='lat' dir='ltr'><strong>communem</strong></span> <span class='ocrx_word' id='word_1_32' title='bbox 354 1863 499 1944; x_wconf 80' lang='lat' dir='ltr'><strong>originem</strong></span> <span class='ocrx_word' id='word_1_33' title='bbox 527 1862 636 1924; x_wconf 83' lang='lat' dir='ltr'><strong>habere</strong></span> <span class='ocrx_word' id='word_1_34' title='bbox 668 1862 813 1923; x_wconf 77' lang='lat' dir='ltr'><strong>uidentur.</strong></span> <span class='ocrx_word' id='word_1_35' title='bbox 865 1860 916 1923; x_wconf 82' lang='lat' dir='ltr'><strong>Ac</strong></span> <span class='ocrx_word' id='word_1_36' title='bbox 941 1866 969 1924; x_wconf 85' lang='lat' dir='ltr'><strong>ei</strong></span> <span class='ocrx_word' id='word_1_37' title='bbox 989 1861 1121 1940; x_wconf 75' lang='lat' dir='ltr'><strong>‘primm</strong></span> <span class='ocrx_word' id='word_1_38' title='bbox 1152 1883 1187 1923; x_wconf 88' lang='lat' dir='ltr'><strong>eu</strong></span> 
     </span>
     <span class='ocr_line' id='line_1_7' title="bbox 144 1945 1188 2024; baseline 0.002 -20"><span class='ocrx_word' id='word_1_39' title='bbox 144 1963 243 2004; x_wconf 82' lang='lat' dir='ltr'><strong>rerem</strong></span> <span class='ocrx_word' id='word_1_40' title='bbox 276 1945 435 2020; x_wconf 75' lang='lat' dir='ltr'><strong>particulae</strong></span> <span class='ocrx_word' id='word_1_41' title='bbox 468 1947 709 2024; x_wconf 75' lang='lat' dir='ltr'><strong>significationem</strong></span> <span class='ocrx_word' id='word_1_42' title='bbox 739 1949 968 2022; x_wconf 70' lang='lat' dir='ltr'><strong>investigamus,</strong></span> <span class='ocrx_word' id='word_1_43' title='bbox 1000 1945 1075 2007; x_wconf 82' lang='lat' dir='ltr'>nihil</span> <span class='ocrx_word' id='word_1_44' title='bbox 1106 1945 1188 2007; x_wconf 80' lang='lat' dir='ltr'><strong>aliuul</strong></span> 
     </span>
     <span class='ocr_line' id='line_1_8' title="bbox 144 2026 1188 2107; baseline 0.006 -21"><span class='ocrx_word' id='word_1_45' title='bbox 144 2026 260 2088; x_wconf 83' lang='lat' dir='ltr'><strong>videtur</strong></span> <span class='ocrx_word' id='word_1_46' title='bbox 280 2031 421 2104; x_wconf 88' lang='lat' dir='ltr'><strong>particula</strong></span> <span class='ocrx_word' id='word_1_47' title='bbox 445 2027 483 2094; x_wconf 77' lang='grc' dir='ltr'><strong>δὲ</strong></span> <span class='ocrx_word' id='word_1_48' title='bbox 504 2033 537 2089; x_wconf 90' lang='lat' dir='ltr'><strong>in</strong></span> <span class='ocrx_word' id='word_1_49' title='bbox 558 2051 590 2090; x_wconf 87' lang='lat' dir='ltr'><strong>ee</strong></span> <span class='ocrx_word' id='word_1_50' title='bbox 610 2033 790 2090; x_wconf 72' lang='lat' dir='ltr'>continuisse</span> <span class='ocrx_word' id='word_1_51' title='bbox 810 2031 892 2106; x_wconf 86' lang='lat' dir='ltr'><strong>elim,</strong></span> <span class='ocrx_word' id='word_1_52' title='bbox 912 2033 971 2090; x_wconf 80' lang='lat' dir='ltr'><strong>uici</strong></span> <span class='ocrx_word' id='word_1_53' title='bbox 991 2032 1120 2107; x_wconf 85' lang='lat' dir='ltr'><strong>aliquam</strong></span> <span class='ocrx_word' id='word_1_54' title='bbox 1140 2033 1188 2091; x_wconf 86' lang='lat' dir='ltr'><strong>rei</strong></span> 
     </span>
     <span class='ocr_line' id='line_1_9' title="bbox 145 2109 1188 2188; baseline 0.004 -18"><span class='ocrx_word' id='word_1_55' title='bbox 145 2109 251 2170; x_wconf 78' lang='lat' dir='ltr'><strong>dudum</strong></span> <span class='ocrx_word' id='word_1_56' title='bbox 276 2115 409 2188; x_wconf 76' lang='lat' dir='ltr'><strong>cognitae</strong></span> <span class='ocrx_word' id='word_1_57' title='bbox 432 2113 692 2174; x_wconf 73' lang='lat' dir='ltr'><strong>adserereticuem.</strong></span> <span class='ocrx_word' id='word_1_58' title='bbox 734 2112 834 2173; x_wconf 76' lang='lat' dir='ltr'><strong>Facile</strong></span> <span class='ocrx_word' id='word_1_59' title='bbox 855 2123 951 2174; x_wconf 85' lang='lat' dir='ltr'><strong>autem</strong></span> <span class='ocrx_word' id='word_1_60' title='bbox 972 2134 1013 2173; x_wconf 86' lang='lat' dir='ltr'><strong>ex</strong></span> <span class='ocrx_word' id='word_1_61' title='bbox 1033 2115 1188 2174; x_wconf 79' lang='lat' dir='ltr'><strong>adaerere·</strong></span> 
     </span>
     <span class='ocr_line' id='line_1_10' title="bbox 146 2195 1188 2274; baseline 0.002 -20"><span class='ocrx_word' id='word_1_62' title='bbox 146 2197 236 2270; x_wconf 89' lang='lat' dir='ltr'><strong>tiene‚</strong></span> <span class='ocrx_word' id='word_1_63' title='bbox 257 2197 340 2256; x_wconf 85' lang='lat' dir='ltr'><strong>eicuti</strong></span> <span class='ocrx_word' id='word_1_64' title='bbox 359 2205 391 2256; x_wconf 90' lang='lat' dir='ltr'><strong>et</strong></span> <span class='ocrx_word' id='word_1_65' title='bbox 408 2198 441 2255; x_wconf 89' lang='lat' dir='ltr'><strong>in</strong></span> <span class='ocrx_word' id='word_1_66' title='bbox 461 2200 565 2257; x_wconf 74' lang='lat' dir='ltr'><strong>ceteris</strong></span> <span class='ocrx_word' id='word_1_67' title='bbox 586 2199 695 2274; x_wconf 73' lang='lat' dir='ltr'><strong>linguis</strong></span> <span class='ocrx_word' id='word_1_68' title='bbox 719 2205 749 2256; x_wconf 86' lang='lat' dir='ltr'><strong>et</strong></span> <span class='ocrx_word' id='word_1_69' title='bbox 768 2199 808 2255; x_wconf 81' lang='lat' dir='ltr'><strong>in&#39;</strong></span> <span class='ocrx_word' id='word_1_70' title='bbox 821 2197 889 2256; x_wconf 87' lang='lat' dir='ltr'><strong>aliie</strong></span> <span class='ocrx_word' id='word_1_71' title='bbox 914 2195 1021 2256; x_wconf 86' lang='lat' dir='ltr'><strong>Graeci</strong></span> <span class='ocrx_word' id='word_1_72' title='bbox 1043 2199 1188 2257; x_wconf 83' lang='lat' dir='ltr'><strong>eermenie</strong></span> 
     </span>
     <span class='ocr_line' id='line_1_11' title="bbox 144 2279 1244 2356; baseline 0.001 -18"><span class='ocrx_word' id='word_1_73' title='bbox 144 2279 286 2344; x_wconf 77' lang='lat' dir='ltr'><strong>furmnlie</strong></span> <span class='ocrx_word' id='word_1_74' title='bbox 296 2279 427 2338; x_wconf 75' lang='lat' dir='ltr'><strong>videmus</strong></span> <span class='ocrx_word' id='word_1_75' title='bbox 445 2301 510 2340; x_wconf 79' lang='lat' dir='ltr'><strong>eene</strong></span> <span class='ocrx_word' id='word_1_76' title='bbox 526 2282 645 2356; x_wconf 84' lang='lat' dir='ltr'><strong>iactum,</strong></span> <span class='ocrx_word' id='word_1_77' title='bbox 662 2283 806 2340; x_wconf 71' lang='lat' dir='ltr'><strong>enascitur</strong></span> <span class='ocrx_word' id='word_1_78' title='bbox 820 2282 977 2356; x_wconf 67' lang='lat' dir='ltr'><strong>opponitieq</strong></span> <span class='ocrx_word' id='word_1_79' title='bbox 996 2301 1085 2356; x_wconf 86' lang='lat' dir='ltr'><strong>qnam</strong></span> <span class='ocrx_word' id='word_1_80' title='bbox 1098 2281 1189 2355; x_wconf 69' lang='lat' dir='ltr'><strong>uulgo</strong></span> <span class='ocrx_word' id='word_1_81' title='bbox 1241 2293 1244 2298; x_wconf 61' lang='lat'><strong>⁴</strong></span> 
     </span>
     <span class='ocr_line' id='line_1_12' title="bbox 146 2363 1190 2440; baseline 0.002 -18"><span class='ocrx_word' id='word_1_82' title='bbox 146 2364 176 2422; x_wconf 87' lang='lat' dir='ltr'><strong>ei</strong></span> <span class='ocrx_word' id='word_1_83' title='bbox 202 2364 362 2438; x_wconf 83' lang='lat' dir='ltr'><strong>particulae</strong></span> <span class='ocrx_word' id='word_1_84' title='bbox 391 2365 479 2422; x_wconf 91' lang='lat' dir='ltr'><strong>tribui</strong></span> <span class='ocrx_word' id='word_1_85' title='bbox 506 2367 574 2424; x_wconf 78' lang='lat' dir='ltr'><strong>uatis</strong></span> <span class='ocrx_word' id='word_1_86' title='bbox 600 2372 700 2424; x_wconf 83' lang='lat' dir='ltr'><strong>netum</strong></span> <span class='ocrx_word' id='word_1_87' title='bbox 724 2373 780 2425; x_wconf 85' lang='lat' dir='ltr'><strong>eet.</strong></span> <span class='ocrx_word' id='word_1_88' title='bbox 826 2363 912 2423; x_wconf 85' lang='lat' dir='ltr'><strong>Hanc</strong></span> <span class='ocrx_word' id='word_1_89' title='bbox 939 2365 1099 2440; x_wconf 81' lang='lat' dir='ltr'><strong>particulae</strong></span> <span class='ocrx_word' id='word_1_90' title='bbox 1126 2367 1190 2424; x_wconf 81' lang='lat' dir='ltr'><strong>vim</strong></span> 
     </span>
     <span class='ocr_line' id='line_1_13' title="bbox 147 2445 1191 2522; baseline 0.002 -18"><span class='ocrx_word' id='word_1_91' title='bbox 147 2465 237 2520; x_wconf 86' lang='lat' dir='ltr'><strong>quem</strong></span> <span class='ocrx_word' id='word_1_92' title='bbox 255 2456 419 2520; x_wconf 75' lang='lat' dir='ltr'><strong>spectarent</strong></span> <span class='ocrx_word' id='word_1_93' title='bbox 442 2450 635 2522; x_wconf 72' lang='lat' dir='ltr'><strong>grammatici,</strong></span> <span class='ocrx_word' id='word_1_94' title='bbox 658 2449 831 2522; x_wconf 87' lang='lat' dir='ltr'><strong>plerumque</strong></span> <span class='ocrx_word' id='word_1_95' title='bbox 853 2445 994 2508; x_wconf 79' lang='lat' dir='ltr'><strong>Graecam</strong></span> <span class='ocrx_word' id='word_1_96' title='bbox 1018 2449 1191 2522; x_wconf 81' lang='lat' dir='ltr'><strong>particulam</strong></span> 
     </span>
     <span class='ocr_line' id='line_1_14' title="bbox 147 2524 1212 2605; baseline -0.004 -13"><span class='ocrx_word' id='word_1_97' title='bbox 147 2524 185 2592; x_wconf 68' lang='lat' dir='ltr'><strong>rie*</strong></span> <span class='ocrx_word' id='word_1_98' title='bbox 212 2527 461 2592; x_wconf 81' lang='lat' dir='ltr'><strong>edeimulauerunt</strong></span> <span class='ocrx_word' id='word_1_99' title='bbox 485 2541 583 2590; x_wconf 85' lang='lat' dir='ltr'><strong>neetre</strong></span> <span class='ocrx_word' id='word_1_100' title='bbox 605 2531 744 2590; x_wconf 80' lang='lat' dir='ltr'><strong>vocabule</strong></span> <span class='ocrx_word' id='word_1_101' title='bbox 765 2531 847 2605; x_wconf 80' lang='lat' dir='ltr'><strong>elec,</strong></span> <span class='ocrx_word' id='word_1_102' title='bbox 879 2539 928 2590; x_wconf 88' lang='lat' dir='ltr'><strong>ent</strong></span> <span class='ocrx_word' id='word_1_103' title='bbox 948 2529 1057 2590; x_wconf 85' lang='lat' dir='ltr'><strong>Latine</strong></span> <span class='ocrx_word' id='word_1_104' title='bbox 1078 2535 1212 2589; x_wconf 78' lang='lat' dir='ltr'><strong>eetemr‘</strong></span> 
     </span>
     <span class='ocr_line' id='line_1_15' title="bbox 147 2609 1192 2689; baseline 0.002 -20"><span class='ocrx_word' id='word_1_105' title='bbox 147 2631 325 2688; x_wconf 84' lang='lat' dir='ltr'><strong>quamquem</strong></span> <span class='ocrx_word' id='word_1_106' title='bbox 344 2617 369 2674; x_wconf 83' lang='lat' dir='ltr'><strong>ei</strong></span> <span class='ocrx_word' id='word_1_107' title='bbox 389 2624 522 2674; x_wconf 88' lang='lat' dir='ltr'><strong>naturam</strong></span> <span class='ocrx_word' id='word_1_108' title='bbox 539 2614 620 2674; x_wconf 80' lang='lat' dir='ltr'><strong>vecie</strong></span> <span class='ocrx_word' id='word_1_109' title='bbox 640 2616 734 2689; x_wconf 77' lang='lat' dir='ltr'><strong>ipsam</strong></span> <span class='ocrx_word' id='word_1_110' title='bbox 754 2614 992 2689; x_wconf 79' lang='lat' dir='ltr'><strong>contemplemur,</strong></span> <span class='ocrx_word' id='word_1_111' title='bbox 1012 2609 1192 2688; x_wconf 79' lang='lat' dir='ltr'><strong>respendere</strong></span> 
     </span>
     <span class='ocr_line' id='line_1_16' title="bbox 147 2695 1195 2772; baseline -0.003 -16"><span class='ocrx_word' id='word_1_112' title='bbox 147 2698 245 2770; x_wconf 86' lang='lat' dir='ltr'><strong>petina</strong></span> <span class='ocrx_word' id='word_1_113' title='bbox 265 2697 401 2758; x_wconf 81' lang='lat' dir='ltr'><strong>videatur</strong></span> <span class='ocrx_word' id='word_1_114' title='bbox 419 2696 545 2758; x_wconf 86' lang='lat' dir='ltr'><strong>Letiuac</strong></span> <span class='ocrx_word' id='word_1_115' title='bbox 563 2697 721 2772; x_wconf 83' lang='lat' dir='ltr'><strong>particulae</strong></span> <span class='ocrx_word' id='word_1_116' title='bbox 738 2715 815 2768; x_wconf 84' lang='lat' dir='ltr'><strong>cere,</strong></span> <span class='ocrx_word' id='word_1_117' title='bbox 838 2699 895 2755; x_wconf 80' lang='lat' dir='ltr'><strong>uisi</strong></span> <span class='ocrx_word' id='word_1_118' title='bbox 917 2696 994 2770; x_wconf 84' lang='lat' dir='ltr'><strong>qucrl</strong></span> <span class='ocrx_word' id='word_1_119' title='bbox 1016 2715 1051 2753; x_wconf 88' lang='lat' dir='ltr'><strong>ee</strong></span> <span class='ocrx_word' id='word_1_120' title='bbox 1073 2695 1195 2770; x_wconf 73' lang='lat' dir='ltr'><strong>quidem</strong></span> 
     </span>
     <span class='ocr_line' id='line_1_17' title="bbox 147 2775 1193 2858; baseline -0.002 -20"><span class='ocrx_word' id='word_1_121' title='bbox 147 2781 248 2854; x_wconf 86' lang='lat' dir='ltr'><strong>panlle</strong></span> <span class='ocrx_word' id='word_1_122' title='bbox 267 2782 374 2840; x_wconf 80' lang='lat' dir='ltr'><strong>lectior</strong></span> <span class='ocrx_word' id='word_1_123' title='bbox 396 2792 449 2858; x_wconf 82' lang='lat' dir='ltr'><strong>eet,</strong></span> <span class='ocrx_word' id='word_1_124' title='bbox 467 2795 558 2856; x_wconf 69' lang='lat' dir='ltr'><strong>&#39;qnam</strong></span> <span class='ocrx_word' id='word_1_125' title='bbox 579 2777 723 2841; x_wconf 79' lang='lat' dir='ltr'><strong>Greecnm</strong></span> <span class='ocrx_word' id='word_1_126' title='bbox 745 2778 820 2839; x_wconf 81' lang='lat' dir='ltr'><strong>illud</strong></span> <span class='ocrx_word' id='word_1_127' title='bbox 842 2775 880 2843; x_wconf 74' lang='grc' dir='ltr'><strong>δὲ</strong></span> <span class='ocrx_word' id='word_1_128' title='bbox 899 2781 932 2837; x_wconf 91' lang='lat' dir='ltr'><strong>iu</strong></span> <span class='ocrx_word' id='word_1_129' title='bbox 955 2779 1052 2838; x_wconf 81' lang='lat' dir='ltr'><strong>malfia</strong></span> <span class='ocrx_word' id='word_1_130' title='bbox 1073 2777 1193 2854; x_wconf 76' lang='lat' dir='ltr'><strong>quidem</strong></span> 
     </span>
    </p>

    <p class='ocr_par' dir='ltr' id='par_1_4' title="bbox 9 2861 1241 4254">
     <span class='ocr_line' id='line_1_18' title="bbox 109 2861 1225 2946; baseline -0.001 -25"><span class='ocrx_word' id='word_1_131' title='bbox 109 2879 113 2885; x_wconf 89' lang='lat'>·</span> <span class='ocrx_word' id='word_1_132' title='bbox 147 2862 251 2922; x_wconf 82' lang='lat' dir='ltr'><strong>lermie</strong></span> <span class='ocrx_word' id='word_1_133' title='bbox 277 2867 428 2925; x_wconf 87' lang='lat' dir='ltr'><strong>eretieuia.</strong></span> <span class='ocrx_word' id='word_1_134' title='bbox 470 2865 559 2946; x_wconf 79' lang='lat' dir='ltr'><strong>Quod</strong></span> <span class='ocrx_word' id='word_1_135' title='bbox 584 2868 611 2926; x_wconf 83' lang='lat' dir='ltr'><strong>ei</strong></span> <span class='ocrx_word' id='word_1_136' title='bbox 636 2863 819 2940; x_wconf 82' lang='lat' dir='ltr'><strong>quisdicat,</strong></span> <span class='ocrx_word' id='word_1_137' title='bbox 848 2861 924 2922; x_wconf 85' lang='lat' dir='ltr'><strong>uilril</strong></span> <span class='ocrx_word' id='word_1_138' title='bbox 951 2861 1070 2922; x_wconf 80' lang='lat' dir='ltr'><strong>differre</strong></span> <span class='ocrx_word' id='word_1_139' title='bbox 1092 2881 1125 2921; x_wconf 93' lang='lat' dir='ltr'><strong>ac</strong></span> <span class='ocrx_word' id='word_1_140' title='bbox 1147 2861 1192 2921; x_wconf 67' lang='lat' dir='ltr'><strong>(lis</strong></span> <span class='ocrx_word' id='word_1_141' title='bbox 1216 2887 1225 2893; x_wconf 87' lang='grc'><strong>-</strong></span> 
     </span>
     <span class='ocr_line' id='line_1_19' title="bbox 148 2944 1193 3022; baseline -0.003 -15"><span class='ocrx_word' id='word_1_142' title='bbox 148 2955 237 3022; x_wconf 74' lang='lat' dir='ltr'><strong>utere,</strong></span> <span class='ocrx_word' id='word_1_143' title='bbox 257 2957 355 3006; x_wconf 85' lang='lat' dir='ltr'><strong>utrem</strong></span> <span class='ocrx_word' id='word_1_144' title='bbox 376 2944 413 3011; x_wconf 80' lang='grc' dir='ltr'><strong>δὲ</strong></span> <span class='ocrx_word' id='word_1_145' title='bbox 434 2958 538 3007; x_wconf 83' lang='lat' dir='ltr'><strong>nature</strong></span> <span class='ocrx_word' id='word_1_146' title='bbox 558 2969 611 3006; x_wconf 85' lang='lat' dir='ltr'><strong>ene</strong></span> <span class='ocrx_word' id='word_1_147' title='bbox 629 2949 876 3009; x_wconf 80' lang='lat' dir='ltr'><strong>adseverationem</strong></span> <span class='ocrx_word' id='word_1_148' title='bbox 895 2945 1003 3007; x_wconf 81' lang='lat' dir='ltr'><strong>habere</strong></span> <span class='ocrx_word' id='word_1_149' title='bbox 1023 2947 1133 3006; x_wconf 85' lang='lat' dir='ltr'><strong>dicatur</strong></span> <span class='ocrx_word' id='word_1_150' title='bbox 1153 2965 1193 3005; x_wconf 86' lang='lat' dir='ltr'><strong>au</strong></span> 
     </span>
     <span class='ocr_line' id='line_1_20' title="bbox 9 3029 1194 3106; baseline 0.001 -18"><span class='ocrx_word' id='word_1_151' title='bbox 9 3050 20 3054; x_wconf 86' lang='lat'>·</span> <span class='ocrx_word' id='word_1_152' title='bbox 95 3045 99 3056; x_wconf 75' lang='grc'><em>’</em></span> <span class='ocrx_word' id='word_1_153' title='bbox 148 3029 384 3105; x_wconf 76' lang='lat' dir='ltr'><strong>oppetitionem,</strong></span> <span class='ocrx_word' id='word_1_154' title='bbox 415 3033 442 3090; x_wconf 85' lang='lat' dir='ltr'><strong>ie</strong></span> <span class='ocrx_word' id='word_1_155' title='bbox 468 3031 658 3090; x_wconf 79' lang='lat' dir='ltr'><strong>veliementer</strong></span> <span class='ocrx_word' id='word_1_156' title='bbox 692 3035 841 3092; x_wconf 82' lang='lat' dir='ltr'><strong>errauerit.</strong></span> <span class='ocrx_word' id='word_1_157' title='bbox 890 3030 967 3092; x_wconf 86' lang='lat' dir='ltr'><strong>Nam</strong></span> <span class='ocrx_word' id='word_1_158' title='bbox 995 3051 1030 3090; x_wconf 87' lang='lat' dir='ltr'><strong>ea</strong></span> <span class='ocrx_word' id='word_1_159' title='bbox 1054 3031 1119 3106; x_wconf 77' lang='lat' dir='ltr'><strong>ipsa</strong></span> <span class='ocrx_word' id='word_1_160' title='bbox 1148 3031 1194 3106; x_wconf 80' lang='lat' dir='ltr'><strong>re&#39;,</strong></span> 
     </span>
     <span class='ocr_line' id='line_1_21' title="bbox 150 3111 1223 3190; baseline 0 -18"><span class='ocrx_word' id='word_1_161' title='bbox 150 3111 230 3188; x_wconf 83' lang='lat' dir='ltr'><strong>qued</strong></span> <span class='ocrx_word' id='word_1_162' title='bbox 256 3111 293 3178; x_wconf 74' lang='grc' dir='ltr'><strong>δὲ</strong></span> <span class='ocrx_word' id='word_1_163' title='bbox 319 3115 499 3176; x_wconf 75' lang='lat' dir='ltr'><strong>adfirmative</strong></span> <span class='ocrx_word' id='word_1_164' title='bbox 524 3134 578 3190; x_wconf 88' lang='lat' dir='ltr'><strong>per</strong></span> <span class='ocrx_word' id='word_1_165' title='bbox 602 3133 633 3172; x_wconf 82' lang='lat' dir='ltr'><strong>ee</strong></span> <span class='ocrx_word' id='word_1_166' title='bbox 654 3115 795 3187; x_wconf 85' lang='lat' dir='ltr'><strong>particula</strong></span> <span class='ocrx_word' id='word_1_167' title='bbox 815 3115 908 3174; x_wconf 76' lang='lat' dir='ltr'><strong>iniaea</strong></span> <span class='ocrx_word' id='word_1_168' title='bbox 927 3115 1058 3188; x_wconf 78' lang='lat' dir='ltr'><strong>videtur,</strong></span> <span class='ocrx_word' id='word_1_169' title='bbox 1084 3115 1194 3172; x_wconf 82' lang='lat' dir='ltr'><strong>iactent</strong></span> <span class='ocrx_word' id='word_1_170' title='bbox 1220 3179 1223 3187; x_wconf 20' lang='grc' dir='ltr'><strong>Δ</strong></span> 
     </span>
     <span class='ocr_line' id='line_1_22' title="bbox 151 3197 1196 3274; baseline 0 -20"><span class='ocrx_word' id='word_1_171' title='bbox 151 3205 213 3269; x_wconf 75' lang='lat' dir='ltr'><strong>eet,</strong></span> <span class='ocrx_word' id='word_1_172' title='bbox 243 3206 274 3254; x_wconf 92' lang='lat' dir='ltr'><strong>nt</strong></span> <span class='ocrx_word' id='word_1_173' title='bbox 303 3199 354 3258; x_wconf 86' lang='lat' dir='ltr'><strong>illa</strong></span> <span class='ocrx_word' id='word_1_174' title='bbox 383 3200 600 3274; x_wconf 78' lang='lat' dir='ltr'><strong>oppetitionem</strong></span> <span class='ocrx_word' id='word_1_175' title='bbox 627 3217 687 3256; x_wconf 89' lang='lat' dir='ltr'><strong>neu</strong></span> <span class='ocrx_word' id='word_1_176' title='bbox 716 3199 863 3255; x_wconf 78' lang='lat' dir='ltr'><strong>contineat</strong></span> <span class='ocrx_word' id='word_1_177' title='bbox 888 3198 945 3255; x_wconf 77' lang='lat' dir='ltr'><strong>uiui</strong></span> <span class='ocrx_word' id='word_1_178' title='bbox 973 3197 1076 3269; x_wconf 84' lang='lat' dir='ltr'><strong>telem,</strong></span> <span class='ocrx_word' id='word_1_179' title='bbox 1107 3213 1196 3272; x_wconf 80' lang='lat' dir='ltr'><strong>qnae,</strong></span> 
     </span>
     <span class='ocr_line' id='line_1_23' title="bbox 150 3275 1196 3357; baseline 0.003 -21"><span class='ocrx_word' id='word_1_180' title='bbox 150 3275 250 3350; x_wconf 84' lang='lat' dir='ltr'><strong>peaita</strong></span> <span class='ocrx_word' id='word_1_181' title='bbox 269 3278 368 3353; x_wconf 88' lang='lat' dir='ltr'><strong>aliqua</strong></span> <span class='ocrx_word' id='word_1_182' title='bbox 388 3302 432 3357; x_wconf 90' lang='lat' dir='ltr'><strong>re,</strong></span> <span class='ocrx_word' id='word_1_183' title='bbox 452 3285 512 3342; x_wconf 91' lang='lat' dir='ltr'><strong>iam</strong></span> <span class='ocrx_word' id='word_1_184' title='bbox 534 3283 570 3342; x_wconf 81' lang='lat' dir='ltr'><strong>(le</strong></span> <span class='ocrx_word' id='word_1_185' title='bbox 588 3301 664 3340; x_wconf 84' lang='lat' dir='ltr'><strong>uera</strong></span> <span class='ocrx_word' id='word_1_186' title='bbox 684 3300 718 3339; x_wconf 91' lang='lat' dir='ltr'><strong>re</strong></span> <span class='ocrx_word' id='word_1_187' title='bbox 738 3278 891 3338; x_wconf 83' lang='lat' dir='ltr'><strong>adaereret</strong></span> <span class='ocrx_word' id='word_1_188' title='bbox 909 3279 1050 3353; x_wconf 81' lang='lat' dir='ltr'><strong>illamque</strong></span> <span class='ocrx_word' id='word_1_189' title='bbox 1064 3281 1196 3354; x_wconf 89' lang='lat' dir='ltr'><strong>prierem</strong></span> 
     </span>
     <span class='ocr_line' id='line_1_24' title="bbox 151 3361 1196 3442; baseline 0.008 -27"><span class='ocrx_word' id='word_1_190' title='bbox 151 3377 213 3416; x_wconf 88' lang='lat' dir='ltr'><strong>nen</strong></span> <span class='ocrx_word' id='word_1_191' title='bbox 243 3362 368 3436; x_wconf 83' lang='lat' dir='ltr'><strong>ampliue</strong></span> <span class='ocrx_word' id='word_1_192' title='bbox 397 3366 543 3438; x_wconf 69' lang='lat' dir='ltr'><strong>respiciat.</strong></span> <span class='ocrx_word' id='word_1_193' title='bbox 591 3364 660 3442; x_wconf 80' lang='lat' dir='ltr'><strong>Qua</strong></span> <span class='ocrx_word' id='word_1_194' title='bbox 684 3365 716 3422; x_wconf 90' lang='lat' dir='ltr'><strong>in</strong></span> <span class='ocrx_word' id='word_1_195' title='bbox 745 3383 778 3422; x_wconf 89' lang='lat' dir='ltr'><strong>re</strong></span> <span class='ocrx_word' id='word_1_196' title='bbox 805 3361 879 3422; x_wconf 80' lang='lat' dir='ltr'><strong>illul</strong></span> <span class='ocrx_word' id='word_1_197' title='bbox 910 3361 1105 3422; x_wconf 70' lang='lat' dir='ltr'><strong>fulcimentum</strong></span> <span class='ocrx_word' id='word_1_198' title='bbox 1132 3365 1196 3423; x_wconf 79' lang='lat' dir='ltr'><strong>esee</strong></span> 
     </span>
     <span class='ocr_line' id='line_1_25' title="bbox 152 3438 1197 3522; baseline 0 -16"><span class='ocrx_word' id='word_1_199' title='bbox 152 3438 285 3516; x_wconf 68' lang='lat' dir='ltr'><strong>videlur,</strong></span> <span class='ocrx_word' id='word_1_200' title='bbox 316 3445 395 3518; x_wconf 78' lang='lat' dir='ltr'><strong>qued</strong></span> <span class='ocrx_word' id='word_1_201' title='bbox 423 3445 520 3506; x_wconf 81' lang='lat' dir='ltr'><strong>decuit</strong></span> <span class='ocrx_word' id='word_1_202' title='bbox 544 3444 727 3522; x_wconf 77' lang='lat' dir='ltr'><strong>Hartungiee</strong></span> <span class='ocrx_word' id='word_1_203' title='bbox 753 3447 774 3506; x_wconf 89' lang='lat' dir='ltr'><strong>l.</strong></span> <span class='ocrx_word' id='word_1_204' title='bbox 797 3445 818 3505; x_wconf 95' lang='lat' dir='ltr'><strong>l.</strong></span> <span class='ocrx_word' id='word_1_205' title='bbox 846 3444 954 3506; x_wconf 81' lang='lat' dir='ltr'><strong>vell.</strong></span> <span class='ocrx_word' id='word_1_206' title='bbox 982 3467 1013 3522; x_wconf 90' lang='lat' dir='ltr'><strong>p.</strong></span> <span class='ocrx_word' id='word_1_207' title='bbox 1039 3451 1099 3506; x_wconf 81' lang='lat'><strong>162</strong></span> <span class='ocrx_word' id='word_1_208' title='bbox 1120 3468 1197 3522; x_wconf 68' lang='lat' dir='ltr'><strong>eqqc,</strong></span> 
     </span>
     <span class='ocr_line' id='line_1_26' title="bbox 152 3524 1199 3607; baseline 0.002 -23"><span class='ocrx_word' id='word_1_209' title='bbox 152 3524 326 3600; x_wconf 83' lang='lat' dir='ltr'><strong>perticulam</strong></span> <span class='ocrx_word' id='word_1_210' title='bbox 344 3525 383 3592; x_wconf 74' lang='lat' dir='ltr'><strong>ti</strong></span> <span class='ocrx_word' id='word_1_211' title='bbox 400 3528 477 3590; x_wconf 81' lang='lat' dir='ltr'><strong>lanne</strong></span> <span class='ocrx_word' id='word_1_212' title='bbox 495 3532 556 3592; x_wconf 74' lang='lat' dir='ltr'><strong>vim</strong></span> <span class='ocrx_word' id='word_1_213' title='bbox 576 3529 695 3607; x_wconf 80' lang='lat' dir='ltr'><strong>habere,</strong></span> <span class='ocrx_word' id='word_1_214' title='bbox 715 3538 749 3589; x_wconf 91' lang='lat' dir='ltr'><strong>ut</strong></span> <span class='ocrx_word' id='word_1_215' title='bbox 768 3531 923 3605; x_wconf 78' lang='lat' dir='ltr'><strong>coniungat</strong></span> <span class='ocrx_word' id='word_1_216' title='bbox 943 3531 1027 3605; x_wconf 86' lang='lat' dir='ltr'><strong>plura</strong></span> <span class='ocrx_word' id='word_1_217' title='bbox 1048 3532 1199 3590; x_wconf 85' lang='lat' dir='ltr'><strong>enuntiata</strong></span> 
     </span>
     <span class='ocr_line' id='line_1_27' title="bbox 153 3607 1220 3691; baseline 0.001 -24"><span class='ocrx_word' id='word_1_218' title='bbox 153 3610 234 3668; x_wconf 87' lang='lat' dir='ltr'><strong>iuter</strong></span> <span class='ocrx_word' id='word_1_219' title='bbox 256 3629 297 3669; x_wconf 88' lang='lat' dir='ltr'><strong>ee.</strong></span> <span class='ocrx_word' id='word_1_220' title='bbox 338 3607 396 3672; x_wconf 87' lang='lat' dir='ltr'><strong>llle</strong></span> <span class='ocrx_word' id='word_1_221' title='bbox 416 3617 494 3675; x_wconf 83' lang='lat' dir='ltr'><strong>enim</strong></span> <span class='ocrx_word' id='word_1_222' title='bbox 517 3614 658 3690; x_wconf 80' lang='lat' dir='ltr'><strong>particule</strong></span> <span class='ocrx_word' id='word_1_223' title='bbox 676 3635 741 3674; x_wconf 86' lang='lat' dir='ltr'><strong>eam</strong></span> <span class='ocrx_word' id='word_1_224' title='bbox 765 3617 860 3691; x_wconf 72' lang='lat' dir='ltr'><strong>ipsam</strong></span> <span class='ocrx_word' id='word_1_225' title='bbox 880 3616 943 3674; x_wconf 82' lang='lat' dir='ltr'><strong>rim</strong></span> <span class='ocrx_word' id='word_1_226' title='bbox 962 3612 1069 3687; x_wconf 82' lang='lat' dir='ltr'><strong>hebet,</strong></span> <span class='ocrx_word' id='word_1_227' title='bbox 1096 3621 1127 3670; x_wconf 84' lang='lat' dir='ltr'><strong>nt</strong></span> <span class='ocrx_word' id='word_1_228' title='bbox 1148 3611 1220 3686; x_wconf 31' lang='lat' dir='ltr'><strong>eir-¹</strong></span> 
     </span>
     <span class='ocr_line' id='line_1_28' title="bbox 154 3691 1199 3775; baseline -0.002 -23"><span class='ocrx_word' id='word_1_229' title='bbox 154 3691 239 3752; x_wconf 80' lang='lat' dir='ltr'><strong>ducat</strong></span> <span class='ocrx_word' id='word_1_230' title='bbox 257 3713 312 3754; x_wconf 88' lang='lat' dir='ltr'><strong>nee</strong></span> <span class='ocrx_word' id='word_1_231' title='bbox 332 3696 369 3755; x_wconf 85' lang='lat' dir='ltr'><strong>ab</strong></span> <span class='ocrx_word' id='word_1_232' title='bbox 394 3712 430 3755; x_wconf 86' lang='lat' dir='ltr'><strong>ea</strong></span> <span class='ocrx_word' id='word_1_233' title='bbox 450 3717 493 3773; x_wconf 87' lang='lat' dir='ltr'><strong>rc,</strong></span> <span class='ocrx_word' id='word_1_234' title='bbox 519 3719 595 3772; x_wconf 88' lang='lat' dir='ltr'><strong>qnae</strong></span> <span class='ocrx_word' id='word_1_235' title='bbox 618 3701 767 3775; x_wconf 75' lang='lat' dir='ltr'><strong>preposita</strong></span> <span class='ocrx_word' id='word_1_236' title='bbox 787 3692 842 3774; x_wconf 75' lang='lat' dir='ltr'><strong>eet,&#39;</strong></span> <span class='ocrx_word' id='word_1_237' title='bbox 862 3697 1077 3769; x_wconf 82' lang='lat' dir='ltr'><strong>transieratque</strong></span> <span class='ocrx_word' id='word_1_238' title='bbox 1097 3694 1135 3752; x_wconf 79' lang='lat' dir='ltr'><strong>erl</strong></span> <span class='ocrx_word' id='word_1_239' title='bbox 1156 3692 1199 3767; x_wconf 74' lang='lat' dir='ltr'><strong>iel,</strong></span> 
     </span>
     <span class='ocr_line' id='line_1_29' title="bbox 155 3775 1201 3856; baseline -0.001 -22"><span class='ocrx_word' id='word_1_240' title='bbox 155 3775 252 3850; x_wconf 79' lang='lat' dir='ltr'><strong>qued,</strong></span> <span class='ocrx_word' id='word_1_241' title='bbox 281 3780 369 3839; x_wconf 62' lang='lat' dir='ltr'><strong>nubea</strong></span> <span class='ocrx_word' id='word_1_242' title='bbox 398 3779 451 3840; x_wconf 90' lang='lat' dir='ltr'><strong>illa</strong></span> <span class='ocrx_word' id='word_1_243' title='bbox 476 3783 576 3854; x_wconf 74' lang='lat' dir='ltr'><strong>priene</strong></span> <span class='ocrx_word' id='word_1_244' title='bbox 602 3779 653 3855; x_wconf 86' lang='lat' dir='ltr'><strong>re,</strong></span> <span class='ocrx_word' id='word_1_245' title='bbox 678 3784 738 3841; x_wconf 87' lang='lat' dir='ltr'><strong>iam</strong></span> <span class='ocrx_word' id='word_1_246' title='bbox 763 3802 819 3856; x_wconf 87' lang='lat' dir='ltr'><strong>pre</strong></span> <span class='ocrx_word' id='word_1_247' title='bbox 843 3801 915 3840; x_wconf 78' lang='lat' dir='ltr'><strong>vere</strong></span> <span class='ocrx_word' id='word_1_248' title='bbox 937 3777 1111 3853; x_wconf 78' lang='lat' dir='ltr'><strong>ponendum</strong></span> <span class='ocrx_word' id='word_1_249' title='bbox 1135 3793 1201 3834; x_wconf 81' lang='lat' dir='ltr'><strong>eece</strong></span> 
     </span>
     <span class='ocr_line' id='line_1_30' title="bbox 154 3859 1202 3938; baseline 0 -20"><span class='ocrx_word' id='word_1_250' title='bbox 154 3859 297 3924; x_wconf 76' lang='lat' dir='ltr'><strong>viaeatur.</strong></span> <span class='ocrx_word' id='word_1_251' title='bbox 340 3859 402 3924; x_wconf 84' lang='lat' dir='ltr'><strong>Sed</strong></span> <span class='ocrx_word' id='word_1_252' title='bbox 420 3861 497 3923; x_wconf 75' lang='lat' dir='ltr'><strong>citit</strong></span> <span class='ocrx_word' id='word_1_253' title='bbox 519 3871 579 3938; x_wconf 83' lang='lat' dir='ltr'><strong>eet,</strong></span> <span class='ocrx_word' id='word_1_254' title='bbox 607 3861 686 3936; x_wconf 77' lang='lat' dir='ltr'><strong>qued</strong></span> <span class='ocrx_word' id='word_1_255' title='bbox 708 3866 756 3922; x_wconf 77' lang='lat' dir='ltr'><strong>icti</strong></span> <span class='ocrx_word' id='word_1_256' title='bbox 778 3883 839 3922; x_wconf 84' lang='lat' dir='ltr'><strong>neu</strong></span> <span class='ocrx_word' id='word_1_257' title='bbox 861 3867 1067 3922; x_wconf 73' lang='lat' dir='ltr'><strong>connectentur</strong></span> <span class='ocrx_word' id='word_1_258' title='bbox 1086 3860 1202 3935; x_wconf 72' lang='lat' dir='ltr'><strong>urigine</strong></span> 
     </span>
     <span class='ocr_line' id='line_1_31' title="bbox 154 3941 1202 4024; baseline -0.003 -20"><span class='ocrx_word' id='word_1_259' title='bbox 154 3943 326 4024; x_wconf 79' lang='lat' dir='ltr'><strong>verberum,</strong></span> <span class='ocrx_word' id='word_1_260' title='bbox 351 3968 439 4023; x_wconf 84' lang='lat' dir='ltr'><strong>quem</strong></span> <span class='ocrx_word' id='word_1_261' title='bbox 462 3948 521 4023; x_wconf 84' lang='lat' dir='ltr'><strong>ipei</strong></span> <span class='ocrx_word' id='word_1_262' title='bbox 543 3945 718 4005; x_wconf 69' lang='lat' dir='ltr'><strong>dauribuut.</strong></span> <span class='ocrx_word' id='word_1_263' title='bbox 759 3943 867 4018; x_wconf 81' lang='lat' dir='ltr'><strong>Neque</strong></span> <span class='ocrx_word' id='word_1_264' title='bbox 888 3945 976 4003; x_wconf 85' lang='lat' dir='ltr'><strong>euim-</strong></span> <span class='ocrx_word' id='word_1_265' title='bbox 992 3941 1077 4002; x_wconf 75' lang='lat' dir='ltr'><strong>ercule</strong></span> <span class='ocrx_word' id='word_1_266' title='bbox 1101 3943 1202 4017; x_wconf 71' lang='lat' dir='ltr'><strong>quem</strong></span> 
     </span>
     <span class='ocr_line' id='line_1_32' title="bbox 154 4024 1203 4106; baseline 0.001 -22"><span class='ocrx_word' id='word_1_267' title='bbox 154 4047 243 4100; x_wconf 83' lang='lat' dir='ltr'><strong>quem</strong></span> <span class='ocrx_word' id='word_1_268' title='bbox 264 4030 457 4093; x_wconf 81' lang='lat' dir='ltr'><strong>eleenenrum</strong></span> <span class='ocrx_word' id='word_1_269' title='bbox 475 4027 729 4106; x_wconf 48' lang='lat' dir='ltr'><strong>emellarlungieq</strong></span> <span class='ocrx_word' id='word_1_270' title='bbox 749 4030 801 4104; x_wconf 93' lang='lat' dir='ltr'><strong>qui</strong></span> <span class='ocrx_word' id='word_1_271' title='bbox 822 4024 860 4092; x_wconf 78' lang='grc' dir='ltr'><strong>δὲ</strong></span> <span class='ocrx_word' id='word_1_272' title='bbox 879 4033 1033 4104; x_wconf 75' lang='lat' dir='ltr'><strong>cognatum</strong></span> <span class='ocrx_word' id='word_1_273' title='bbox 1055 4047 1119 4086; x_wconf 81' lang='lat' dir='ltr'><strong>cuae</strong></span> <span class='ocrx_word' id='word_1_274' title='bbox 1133 4045 1203 4085; x_wconf 83' lang='lat' dir='ltr'><strong>cern</strong></span> 
     </span>
     <span class='ocr_line' id='line_1_33' title="bbox 154 4108 1241 4254; baseline -0.006 -77"><span class='ocrx_word' id='word_1_275' title='bbox 154 4108 251 4254; x_wconf 49' lang='lat' dir='ltr'><strong>‘orl-ll</strong></span> <span class='ocrx_word' id='word_1_276' title='bbox 279 4109 331 4192; x_wconf 80' lang='grc' dir='ltr'><strong>δὶς</strong></span> <span class='ocrx_word' id='word_1_277' title='bbox 356 4117 469 4194; x_wconf 80' lang='lat' dir='ltr'><strong>putauit</strong></span> <span class='ocrx_word' id='word_1_278' title='bbox 493 4116 671 4193; x_wconf 79' lang='lat' dir='ltr'><strong>proprieque</strong></span> <span class='ocrx_word' id='word_1_279' title='bbox 698 4129 798 4175; x_wconf 71' lang='lat' dir='ltr'><strong>neme</strong></span> <span class='ocrx_word' id='word_1_280' title='bbox 825 4121 875 4173; x_wconf 86' lang='lat' dir='ltr'><strong>eet</strong></span> <span class='ocrx_word' id='word_1_281' title='bbox 899 4117 1014 4254; x_wconf 49' lang='grc' dir='ltr'><strong>Μὶν</strong></span> <span class='ocrx_word' id='word_1_282' title='bbox 1027 4109 1203 4190; x_wconf 68' lang='lat' dir='ltr'><strong>significare.</strong></span> <span class='ocrx_word' id='word_1_283' title='bbox 1235 4195 1241 4225; x_wconf 31' lang='grc' dir='ltr'><em>ὁ</em></span> 
     </span>
    </p>
   </div>
   <div class='ocr_carea' id='block_1_4' title="bbox 0 0 1538 4580">
    <p class='ocr_par' dir='ltr' id='par_1_5' title="bbox 0 0 1538 4580">
     <span class='ocr_line' id='line_1_34' title="bbox 0 0 1538 4580; baseline 0 0"><span class='ocrx_word' id='word_1_284' title='bbox 0 0 1538 4580; x_wconf 95' lang='lat' dir='ltr'><strong> </strong></span> 
     </span>
    </p>
   </div>
  </div>
 </body>
</html>
