<?xml version="1.0" encoding="UTF-8"?>
<!DOCTYPE html PUBLIC "-//W3C//DTD XHTML 1.0 Transitional//EN"
    "http://www.w3.org/TR/xhtml1/DTD/xhtml1-transitional.dtd">
<html xmlns="http://www.w3.org/1999/xhtml" xml:lang="en" lang="en">
 <head>
  <title>
</title>
<meta http-equiv="Content-Type" content="text/html;charset=utf-8" />
  <meta name='ocr-system' content='tesseract 3.04.00' />
  <meta name='ocr-capabilities' content='ocr_page ocr_carea ocr_par ocr_line ocrx_word'/>
</head>
<body>
  <div class='ocr_page' id='page_1' title='image "./matthaeidevarii00klotgoog_0721.png"; bbox 0 0 2980 4574; ppageno 0'>
   <div class='ocr_carea' id='block_1_1' title="bbox 290 153 948 280">
    <p class='ocr_par' dir='ltr' id='par_1_1' title="bbox 290 153 948 280">
     <span class='ocr_line' id='line_1_1' title="bbox 290 153 948 280; baseline -0.014 -14"><span class='ocrx_word' id='word_1_1' title='bbox 290 153 379 266; x_wconf 67' lang='lat' dir='ltr'>&#39;eoo</span> <span class='ocrx_word' id='word_1_2' title='bbox 782 185 876 280; x_wconf 59' lang='lat' dir='ltr'>rte,</span> <span class='ocrx_word' id='word_1_3' title='bbox 939 219 948 225; x_wconf 94' lang='lat'><em>-</em></span> 
     </span>
    </p>
   </div>
   <div class='ocr_carea' id='block_1_2' title="bbox 314 353 1367 920">
    <p class='ocr_par' dir='ltr' id='par_1_2' title="bbox 314 353 1367 920">
     <span class='ocr_line' id='line_1_2' title="bbox 316 353 1367 446; baseline -0.005 -20"><span class='ocrx_word' id='word_1_4' title='bbox 316 388 432 443; x_wconf 87' lang='lat' dir='ltr'>quoqne</span> <span class='ocrx_word' id='word_1_5' title='bbox 461 366 523 426; x_wconf 90' lang='lat' dir='ltr'>loeo</span> <span class='ocrx_word' id='word_1_6' title='bbox 551 365 661 424; x_wconf 86' lang='lat' dir='ltr'>nollem</span> <span class='ocrx_word' id='word_1_7' title='bbox 685 365 772 424; x_wconf 81' lang='lat' dir='ltr'>olium</span> <span class='ocrx_word' id='word_1_8' title='bbox 797 363 1038 440; x_wconf 68' lang='lat' dir='ltr'>significationem</span> <span class='ocrx_word' id='word_1_9' title='bbox 1053 359 1147 421; x_wconf 78' lang='lat' dir='ltr'>luebet</span> <span class='ocrx_word' id='word_1_10' title='bbox 1176 353 1241 446; x_wconf 74' lang='grc' dir='ltr'>ἤδη</span> <span class='ocrx_word' id='word_1_11' title='bbox 1262 363 1367 438; x_wconf 79' lang='lat' dir='ltr'>porti-</span> 
     </span>
     <span class='ocr_line' id='line_1_3' title="bbox 316 447 1366 526; baseline -0.009 -14"><span class='ocrx_word' id='word_1_12' title='bbox 316 453 381 512; x_wconf 83' lang='lat' dir='ltr'>culo</span> <span class='ocrx_word' id='word_1_13' title='bbox 407 463 523 526; x_wconf 79' lang='lat' dir='ltr'>praeter</span> <span class='ocrx_word' id='word_1_14' title='bbox 551 453 636 508; x_wconf 82' lang='lat' dir='ltr'>istem</span> <span class='ocrx_word' id='word_1_15' title='bbox 662 453 799 508; x_wconf 81' lang='lat' dir='ltr'>unitatem</span> <span class='ocrx_word' id='word_1_16' title='bbox 826 467 859 504; x_wconf 87' lang='lat' dir='ltr'>ee</span> <span class='ocrx_word' id='word_1_17' title='bbox 887 449 1026 521; x_wconf 80' lang='lat' dir='ltr'>primam,</span> <span class='ocrx_word' id='word_1_18' title='bbox 1053 456 1082 504; x_wconf 89' lang='lat' dir='ltr'>et</span> <span class='ocrx_word' id='word_1_19' title='bbox 1115 451 1157 504; x_wconf 83' lang='lat' dir='ltr'>sic</span> <span class='ocrx_word' id='word_1_20' title='bbox 1176 452 1212 506; x_wconf 86' lang='lat' dir='ltr'>de</span> <span class='ocrx_word' id='word_1_21' title='bbox 1232 447 1366 520; x_wconf 82' lang='lat' dir='ltr'>reliquis</span> 
     </span>
     <span class='ocr_line' id='line_1_4' title="bbox 314 531 1364 609; baseline -0.006 -15"><span class='ocrx_word' id='word_1_22' title='bbox 314 537 404 608; x_wconf 87' lang='lat' dir='ltr'>locis,</span> <span class='ocrx_word' id='word_1_23' title='bbox 428 536 563 608; x_wconf 80' lang='lat' dir='ltr'>quesibi</span> <span class='ocrx_word' id='word_1_24' title='bbox 587 537 682 608; x_wconf 78' lang='lat' dir='ltr'>posuit</span> <span class='ocrx_word' id='word_1_25' title='bbox 700 532 892 606; x_wconf 78' lang='lat' dir='ltr'>flurtrrngioe‚</span> <span class='ocrx_word' id='word_1_26' title='bbox 920 531 1154 588; x_wconf 86' lang='lat' dir='ltr'>existumendom</span> <span class='ocrx_word' id='word_1_27' title='bbox 1172 539 1224 589; x_wconf 84' lang='lat' dir='ltr'>est.</span> <span class='ocrx_word' id='word_1_28' title='bbox 1269 531 1364 609; x_wconf 82' lang='lat' dir='ltr'>eros</span> 
     </span>
     <span class='ocr_line' id='line_1_5' title="bbox 317 615 1361 694; baseline -0.007 -16"><span class='ocrx_word' id='word_1_29' title='bbox 317 633 412 678; x_wconf 79' lang='lat' dir='ltr'>autern</span> <span class='ocrx_word' id='word_1_30' title='bbox 436 617 616 694; x_wconf 79' lang='lat' dir='ltr'>Hertungins</span> <span class='ocrx_word' id='word_1_31' title='bbox 637 617 716 676; x_wconf 85' lang='lat' dir='ltr'>locos</span> <span class='ocrx_word' id='word_1_32' title='bbox 740 616 842 674; x_wconf 81' lang='lat' dir='ltr'>adtulit</span> <span class='ocrx_word' id='word_1_33' title='bbox 868 635 896 685; x_wconf 85' lang='lat' dir='ltr'>p.</span> <span class='ocrx_word' id='word_1_34' title='bbox 919 615 981 672; x_wconf 80' lang='grc'>235</span> <span class='ocrx_word' id='word_1_35' title='bbox 1003 633 1085 690; x_wconf 76' lang='lat' dir='ltr'>sqq,</span> <span class='ocrx_word' id='word_1_36' title='bbox 1112 617 1142 673; x_wconf 86' lang='lat' dir='ltr'>in</span> <span class='ocrx_word' id='word_1_37' title='bbox 1166 617 1273 688; x_wconf 86' lang='lat' dir='ltr'>quibus</span> <span class='ocrx_word' id='word_1_38' title='bbox 1298 617 1361 672; x_wconf 78' lang='lat' dir='ltr'>sibi</span> 
     </span>
     <span class='ocr_line' id='line_1_6' title="bbox 315 690 1363 779; baseline -0.006 -19"><span class='ocrx_word' id='word_1_39' title='bbox 315 707 438 777; x_wconf 79' lang='lat' dir='ltr'>primam</span> <span class='ocrx_word' id='word_1_40' title='bbox 460 723 492 759; x_wconf 85' lang='lat' dir='ltr'>ec</span> <span class='ocrx_word' id='word_1_41' title='bbox 508 721 606 762; x_wconf 81' lang='lat' dir='ltr'>verum</span> <span class='ocrx_word' id='word_1_42' title='bbox 630 705 689 759; x_wconf 82' lang='lat' dir='ltr'>vim</span> <span class='ocrx_word' id='word_1_43' title='bbox 712 701 843 758; x_wconf 83' lang='lat' dir='ltr'>v&#39;oeebnli</span> <span class='ocrx_word' id='word_1_44' title='bbox 865 690 928 779; x_wconf 76' lang='lat' dir='ltr'>i&#39;rlq</span> <span class='ocrx_word' id='word_1_45' title='bbox 950 697 1176 772; x_wconf 77' lang='lat' dir='ltr'>deprehendisse</span> <span class='ocrx_word' id='word_1_46' title='bbox 1195 702 1278 757; x_wconf 78' lang='lat' dir='ltr'>visun</span> <span class='ocrx_word' id='word_1_47' title='bbox 1301 709 1363 771; x_wconf 84' lang='lat' dir='ltr'>eet,</span> 
     </span>
     <span class='ocr_line' id='line_1_7' title="bbox 315 775 1362 920; baseline -0.006 -76"><span class='ocrx_word' id='word_1_48' title='bbox 315 794 348 844; x_wconf 90' lang='lat' dir='ltr'>iu</span> <span class='ocrx_word' id='word_1_49' title='bbox 379 789 417 843; x_wconf 82' lang='lat' dir='ltr'>iis</span> <span class='ocrx_word' id='word_1_50' title='bbox 446 795 565 859; x_wconf 69' lang='lat' dir='ltr'>opponet</span> <span class='ocrx_word' id='word_1_51' title='bbox 594 792 646 859; x_wconf 87' lang='lat' dir='ltr'>per</span> <span class='ocrx_word' id='word_1_52' title='bbox 673 786 841 842; x_wconf 73' lang='lat' dir='ltr'>abusionem</span> <span class='ocrx_word' id='word_1_53' title='bbox 868 775 943 920; x_wconf 60' lang='grc' dir='ltr'><strong><em>η’ὀρῙ</em></strong></span> <span class='ocrx_word' id='word_1_54' title='bbox 961 782 996 839; x_wconf 85' lang='lat' dir='ltr'>ed</span> <span class='ocrx_word' id='word_1_55' title='bbox 1024 785 1185 856; x_wconf 79' lang='lat' dir='ltr'>proesentis</span> <span class='ocrx_word' id='word_1_56' title='bbox 1214 785 1362 856; x_wconf 80' lang='lat' dir='ltr'>temporis</span> 
     </span>
    </p>
   </div>
   <div class='ocr_carea' id='block_1_3' title="bbox 311 869 1129 1027">
    <p class='ocr_par' dir='ltr' id='par_1_3' title="bbox 311 869 1129 1027">
     <span class='ocr_line' id='line_1_8' title="bbox 315 869 865 941; baseline -0.005 -13"><span class='ocrx_word' id='word_1_57' title='bbox 315 869 560 941; x_wconf 77' lang='lat' dir='ltr'>significationem</span> <span class='ocrx_word' id='word_1_58' title='bbox 592 869 762 929; x_wconf 74' lang='lat' dir='ltr'>translatum</span> <span class='ocrx_word' id='word_1_59' title='bbox 792 885 865 926; x_wconf 83' lang='lat' dir='ltr'>esse.</span> 
     </span>
     <span class='ocr_line' id='line_1_9' title="bbox 311 947 1129 1027; baseline -0.001 -18"><span class='ocrx_word' id='word_1_60' title='bbox 311 969 404 1027; x_wconf 80' lang='lat' dir='ltr'>&#39;quent</span> <span class='ocrx_word' id='word_1_61' title='bbox 427 951 529 1012; x_wconf 85' lang='lat' dir='ltr'>ludens</span> <span class='ocrx_word' id='word_1_62' title='bbox 551 955 584 1011; x_wconf 93' lang='lat' dir='ltr'>in</span> <span class='ocrx_word' id='word_1_63' title='bbox 606 953 693 1011; x_wconf 81' lang='lat' dir='ltr'>verbo</span> <span class='ocrx_word' id='word_1_64' title='bbox 715 953 813 1026; x_wconf 83' lang='lat' dir='ltr'>poenit</span> <span class='ocrx_word' id='word_1_65' title='bbox 833 947 985 1023; x_wconf 73' lang='lat' dir='ltr'>Theognis</span> <span class='ocrx_word' id='word_1_66' title='bbox 1006 967 1035 1008; x_wconf 81' lang='lat' dir='ltr'>v.</span> <span class='ocrx_word' id='word_1_67' title='bbox 1057 953 1129 1009; x_wconf 75' lang='lat'><strong>852.</strong></span> 
     </span>
    </p>
   </div>
   <div class='ocr_carea' id='block_1_4' title="bbox 289 1071 1213 1164">
    <p class='ocr_par' dir='ltr' id='par_1_4' title="bbox 289 1071 1213 1164">
     <span class='ocr_line' id='line_1_10' title="bbox 289 1071 1213 1164; baseline -0.002 -30"><span class='ocrx_word' id='word_1_68' title='bbox 289 1092 329 1134; x_wconf 87' lang='lat'>·.</span> <span class='ocrx_word' id='word_1_69' title='bbox 380 1071 384 1075; x_wconf 59' lang='grc'><strong>’</strong></span> <span class='ocrx_word' id='word_1_70' title='bbox 443 1079 544 1136; x_wconf 74' lang='grc' dir='ltr'><strong><em>Ἤιθεα</em></strong></span> <span class='ocrx_word' id='word_1_71' title='bbox 562 1081 680 1152; x_wconf 71' lang='lat' dir='ltr'>privaret</span> <span class='ocrx_word' id='word_1_72' title='bbox 697 1075 928 1164; x_wconf 56' lang='lat' dir='ltr'>opidorumdrdq</span> <span class='ocrx_word' id='word_1_73' title='bbox 946 1074 1017 1132; x_wconf 79' lang='grc' dir='ltr'><strong><em>πολὺ</em></strong></span> <span class='ocrx_word' id='word_1_74' title='bbox 1033 1073 1118 1134; x_wconf 76' lang='grc' dir='ltr'><strong><em>λώϊον</em></strong></span> <span class='ocrx_word' id='word_1_75' title='bbox 1136 1073 1213 1148; x_wconf 60' lang='lat' dir='ltr'>ilde,</span> 
     </span>
    </p>
   </div>
   <div class='ocr_carea' id='block_1_5' title="bbox 943 867 1469 942">
    <p class='ocr_par' dir='ltr' id='par_1_5' title="bbox 943 867 1469 942">
     <span class='ocr_line' id='line_1_11' title="bbox 943 867 1469 942; baseline 0.002 -20"><span class='ocrx_word' id='word_1_76' title='bbox 943 867 1003 923; x_wconf 83' lang='lat' dir='ltr'>orbi</span> <span class='ocrx_word' id='word_1_77' title='bbox 1032 887 1132 924; x_wconf 81' lang='lat' dir='ltr'>enuese</span> <span class='ocrx_word' id='word_1_78' title='bbox 1157 869 1190 925; x_wconf 89' lang='lat' dir='ltr'>iu</span> <span class='ocrx_word' id='word_1_79' title='bbox 1215 885 1250 926; x_wconf 79' lang='lat' dir='ltr'>eo</span> <span class='ocrx_word' id='word_1_80' title='bbox 1271 887 1360 942; x_wconf 78' lang='lat' dir='ltr'>voce,</span> <span class='ocrx_word' id='word_1_81' title='bbox 1468 929 1469 940; x_wconf 14' lang='grc' dir='ltr'><strong><em>ρ</em></strong></span> 
     </span>
    </p>
   </div>
   <div class='ocr_carea' id='block_1_6' title="bbox 317 1192 1469 1284">
    <p class='ocr_par' dir='ltr' id='par_1_6' title="bbox 317 1192 1469 1284">
     <span class='ocr_line' id='line_1_12' title="bbox 317 1192 1469 1284; baseline -0.003 -22"><span class='ocrx_word' id='word_1_82' title='bbox 317 1222 376 1278; x_wconf 89' lang='lat' dir='ltr'>quo</span> <span class='ocrx_word' id='word_1_83' title='bbox 403 1205 436 1261; x_wconf 90' lang='lat' dir='ltr'>in</span> <span class='ocrx_word' id='word_1_84' title='bbox 463 1204 526 1261; x_wconf 90' lang='lat' dir='ltr'>loco</span> <span class='ocrx_word' id='word_1_85' title='bbox 552 1203 689 1262; x_wconf 81' lang='lat' dir='ltr'>adverbio</span> <span class='ocrx_word' id='word_1_86' title='bbox 717 1195 871 1282; x_wconf 72' lang='grc' dir='ltr'><strong><em>πρόσθεν</em></strong></span> <span class='ocrx_word' id='word_1_87' title='bbox 902 1200 1043 1273; x_wconf 78' lang='lat' dir='ltr'>particulo</span> <span class='ocrx_word' id='word_1_88' title='bbox 1071 1192 1133 1284; x_wconf 73' lang='grc' dir='ltr'>ἢδη</span> <span class='ocrx_word' id='word_1_89' title='bbox 1164 1221 1222 1260; x_wconf 88' lang='lat' dir='ltr'>non</span> <span class='ocrx_word' id='word_1_90' title='bbox 1245 1203 1285 1259; x_wconf 87' lang='lat' dir='ltr'>lte</span> <span class='ocrx_word' id='word_1_91' title='bbox 1308 1221 1358 1259; x_wconf 86' lang='lat' dir='ltr'>re-</span> <span class='ocrx_word' id='word_1_92' title='bbox 1468 1269 1469 1280; x_wconf 15' lang='grc' dir='ltr'><strong><em>ρ</em></strong></span> 
     </span>
    </p>
   </div>
   <div class='ocr_carea' id='block_1_7' title="bbox 232 1284 1362 2524">
    <p class='ocr_par' dir='ltr' id='par_1_7' title="bbox 232 1284 1362 2524">
     <span class='ocr_line' id='line_1_13' title="bbox 318 1284 1358 1363; baseline -0.003 -18"><span class='ocrx_word' id='word_1_93' title='bbox 318 1286 459 1363; x_wconf 90' lang='lat' dir='ltr'>spondet,</span> <span class='ocrx_word' id='word_1_94' title='bbox 488 1289 569 1361; x_wconf 81' lang='lat' dir='ltr'>qussi</span> <span class='ocrx_word' id='word_1_95' title='bbox 598 1308 717 1362; x_wconf 82' lang='lat' dir='ltr'>prorsus</span> <span class='ocrx_word' id='word_1_96' title='bbox 751 1286 822 1344; x_wconf 79' lang='lat' dir='ltr'>lineo</span> <span class='ocrx_word' id='word_1_97' title='bbox 839 1286 919 1341; x_wconf 86' lang='lat' dir='ltr'>iuter</span> <span class='ocrx_word' id='word_1_98' title='bbox 939 1304 972 1341; x_wconf 88' lang='lat' dir='ltr'>se</span> <span class='ocrx_word' id='word_1_99' title='bbox 993 1284 1099 1343; x_wconf 75' lang='lat' dir='ltr'>similia</span> <span class='ocrx_word' id='word_1_100' title='bbox 1121 1287 1192 1353; x_wconf 81' lang='lat' dir='ltr'>siut,</span> <span class='ocrx_word' id='word_1_101' title='bbox 1221 1289 1290 1355; x_wconf 82' lang='lat' dir='ltr'>ned,</span> <span class='ocrx_word' id='word_1_102' title='bbox 1326 1284 1358 1344; x_wconf 92' lang='lat' dir='ltr'>id</span> 
     </span>
     <span class='ocr_line' id='line_1_14' title="bbox 316 1357 1356 1450; baseline 0 -24"><span class='ocrx_word' id='word_1_103' title='bbox 316 1371 395 1446; x_wconf 86' lang='lat' dir='ltr'>qnod</span> <span class='ocrx_word' id='word_1_104' title='bbox 425 1373 550 1430; x_wconf 81' lang='lat' dir='ltr'>sensisse</span> <span class='ocrx_word' id='word_1_105' title='bbox 578 1371 691 1430; x_wconf 83' lang='lat' dir='ltr'>videtur</span> <span class='ocrx_word' id='word_1_106' title='bbox 715 1373 779 1444; x_wconf 80' lang='lat' dir='ltr'>ipse</span> <span class='ocrx_word' id='word_1_107' title='bbox 800 1365 997 1446; x_wconf 74' lang='lat' dir='ltr'>Hortungiue,</span> <span class='ocrx_word' id='word_1_108' title='bbox 1023 1369 1091 1442; x_wconf 85' lang='lat' dir='ltr'>quia</span> <span class='ocrx_word' id='word_1_109' title='bbox 1115 1357 1178 1450; x_wconf 71' lang='grc' dir='ltr'>ἤδη</span> <span class='ocrx_word' id='word_1_110' title='bbox 1198 1368 1356 1427; x_wconf 78' lang='lat' dir='ltr'>relativum</span> 
     </span>
     <span class='ocr_line' id='line_1_15' title="bbox 316 1448 1356 1536; baseline -0.003 -24"><span class='ocrx_word' id='word_1_111' title='bbox 316 1473 380 1513; x_wconf 85' lang='lat' dir='ltr'>esee</span> <span class='ocrx_word' id='word_1_112' title='bbox 413 1453 509 1524; x_wconf 84' lang='lat' dir='ltr'>dixit,</span> <span class='ocrx_word' id='word_1_113' title='bbox 544 1448 696 1536; x_wconf 82' lang='grc' dir='ltr'><strong><em>πρόσθεν</em></strong></span> <span class='ocrx_word' id='word_1_114' title='bbox 730 1449 908 1510; x_wconf 71' lang='lat' dir='ltr'>materialem</span> <span class='ocrx_word' id='word_1_115' title='bbox 939 1453 1077 1524; x_wconf 83' lang='lat' dir='ltr'>temporie</span> <span class='ocrx_word' id='word_1_116' title='bbox 1108 1451 1356 1526; x_wconf 72' lang='lat' dir='ltr'>significationem</span> 
     </span>
     <span class='ocr_line' id='line_1_16' title="bbox 315 1527 1356 1620; baseline -0.001 -25"><span class='ocrx_word' id='word_1_117' title='bbox 315 1534 422 1613; x_wconf 74' lang='lat' dir='ltr'>liebet,</span> <span class='ocrx_word' id='word_1_118' title='bbox 445 1527 508 1620; x_wconf 77' lang='grc' dir='ltr'>ἤδη</span> <span class='ocrx_word' id='word_1_119' title='bbox 530 1559 589 1595; x_wconf 91' lang='lat' dir='ltr'>non</span> <span class='ocrx_word' id='word_1_120' title='bbox 610 1539 690 1595; x_wconf 82' lang='lat' dir='ltr'>itero.</span> <span class='ocrx_word' id='word_1_121' title='bbox 732 1535 765 1595; x_wconf 91' lang='lat' dir='ltr'>ld</span> <span class='ocrx_word' id='word_1_122' title='bbox 787 1537 950 1595; x_wconf 86' lang='lat' dir='ltr'>enimcum</span> <span class='ocrx_word' id='word_1_123' title='bbox 972 1536 1090 1608; x_wconf 88' lang='lat' dir='ltr'>proprie</span> <span class='ocrx_word' id='word_1_124' title='bbox 1111 1535 1146 1591; x_wconf 81' lang='lat' dir='ltr'>ed</span> <span class='ocrx_word' id='word_1_125' title='bbox 1170 1535 1294 1608; x_wconf 82' lang='lat' dir='ltr'>loetum,</span> <span class='ocrx_word' id='word_1_126' title='bbox 1318 1537 1356 1594; x_wconf 88' lang='lat' dir='ltr'>de</span> 
     </span>
     <span class='ocr_line' id='line_1_17' title="bbox 317 1617 1356 1694; baseline 0 -18"><span class='ocrx_word' id='word_1_127' title='bbox 317 1641 376 1694; x_wconf 87' lang='lat' dir='ltr'>qno</span> <span class='ocrx_word' id='word_1_128' title='bbox 401 1628 480 1679; x_wconf 88' lang='lat' dir='ltr'>certo</span> <span class='ocrx_word' id='word_1_129' title='bbox 501 1623 573 1680; x_wconf 82' lang='lat' dir='ltr'>scire</span> <span class='ocrx_word' id='word_1_130' title='bbox 594 1641 648 1679; x_wconf 85' lang='lat' dir='ltr'>nos</span> <span class='ocrx_word' id='word_1_131' title='bbox 671 1621 809 1693; x_wconf 79' lang='lat' dir='ltr'>dicimus,</span> <span class='ocrx_word' id='word_1_132' title='bbox 830 1619 1003 1691; x_wconf 72' lang='lat' dir='ltr'>pertineret,</span> <span class='ocrx_word' id='word_1_133' title='bbox 1030 1617 1184 1682; x_wconf 80' lang='lat' dir='ltr'>hocloco.</span> <span class='ocrx_word' id='word_1_134' title='bbox 1209 1619 1284 1692; x_wconf 84' lang='lat' dir='ltr'>quod</span> <span class='ocrx_word' id='word_1_135' title='bbox 1309 1639 1356 1676; x_wconf 90' lang='lat' dir='ltr'>re·</span> 
     </span>
     <span class='ocr_line' id='line_1_18' title="bbox 232 1700 1355 1786; baseline -0.001 -25"><span class='ocrx_word' id='word_1_136' title='bbox 232 1759 234 1764; x_wconf 88' lang='grc'><em>,</em></span> <span class='ocrx_word' id='word_1_137' title='bbox 316 1703 439 1777; x_wconf 77' lang='lat' dir='ltr'>spondet</span> <span class='ocrx_word' id='word_1_138' title='bbox 460 1702 598 1763; x_wconf 76' lang='lat' dir='ltr'>adverbio</span> <span class='ocrx_word' id='word_1_139' title='bbox 619 1700 784 1786; x_wconf 82' lang='grc' dir='ltr'><strong><em>πρόσθεν,</em></strong></span> <span class='ocrx_word' id='word_1_140' title='bbox 807 1701 922 1758; x_wconf 84' lang='lat' dir='ltr'>videtur</span> <span class='ocrx_word' id='word_1_141' title='bbox 941 1701 1108 1763; x_wconf 74' lang='lat' dir='ltr'>translatum</span> <span class='ocrx_word' id='word_1_142' title='bbox 1131 1721 1197 1760; x_wconf 86' lang='lat' dir='ltr'>esse</span> <span class='ocrx_word' id='word_1_143' title='bbox 1215 1701 1250 1758; x_wconf 86' lang='lat' dir='ltr'>ed</span> <span class='ocrx_word' id='word_1_144' title='bbox 1273 1703 1355 1760; x_wconf 85' lang='lat' dir='ltr'>illem</span> 
     </span>
     <span class='ocr_line' id='line_1_19' title="bbox 316 1783 1357 1864; baseline 0 -21"><span class='ocrx_word' id='word_1_145' title='bbox 316 1790 456 1860; x_wconf 85' lang='lat' dir='ltr'>temporis</span> <span class='ocrx_word' id='word_1_146' title='bbox 483 1787 737 1864; x_wconf 75' lang='lat' dir='ltr'>significationem.</span> <span class='ocrx_word' id='word_1_147' title='bbox 785 1783 866 1843; x_wconf 85' lang='lat' dir='ltr'>Hinc</span> <span class='ocrx_word' id='word_1_148' title='bbox 895 1794 991 1842; x_wconf 83' lang='lat' dir='ltr'>entem</span> <span class='ocrx_word' id='word_1_149' title='bbox 1022 1805 1080 1842; x_wconf 90' lang='lat' dir='ltr'>uon</span> <span class='ocrx_word' id='word_1_150' title='bbox 1111 1787 1203 1859; x_wconf 79' lang='lat' dir='ltr'>magis</span> <span class='ocrx_word' id='word_1_151' title='bbox 1231 1783 1357 1843; x_wconf 84' lang='lat' dir='ltr'>efficitur</span> 
     </span>
     <span class='ocr_line' id='line_1_20' title="bbox 316 1859 1354 1950; baseline -0.001 -23"><span class='ocrx_word' id='word_1_152' title='bbox 316 1873 441 1944; x_wconf 77' lang='lat' dir='ltr'>primum</span> <span class='ocrx_word' id='word_1_153' title='bbox 472 1867 548 1927; x_wconf 82' lang='lat' dir='ltr'>hene</span> <span class='ocrx_word' id='word_1_154' title='bbox 577 1863 641 1926; x_wconf 79' lang='lat' dir='ltr'>esee</span> <span class='ocrx_word' id='word_1_155' title='bbox 669 1859 730 1950; x_wconf 69' lang='grc' dir='ltr'>ἤδη</span> <span class='ocrx_word' id='word_1_156' title='bbox 757 1866 890 1926; x_wconf 78' lang='lat' dir='ltr'>vocabuli</span> <span class='ocrx_word' id='word_1_157' title='bbox 916 1867 1177 1942; x_wconf 67' lang='lat' dir='ltr'>significationem,</span> <span class='ocrx_word' id='word_1_158' title='bbox 1211 1887 1298 1940; x_wconf 83' lang='lat' dir='ltr'>quem</span> <span class='ocrx_word' id='word_1_159' title='bbox 1328 1871 1354 1926; x_wconf 80' lang='lat' dir='ltr'>ei</span> 
     </span>
     <span class='ocr_line' id='line_1_21' title="bbox 317 1950 1354 2026; baseline -0.001 -16"><span class='ocrx_word' id='word_1_160' title='bbox 317 1956 382 2026; x_wconf 87' lang='lat' dir='ltr'>quis</span> <span class='ocrx_word' id='word_1_161' title='bbox 404 1952 557 2010; x_wconf 79' lang='lat' dir='ltr'>contendat</span> <span class='ocrx_word' id='word_1_162' title='bbox 575 1950 778 2009; x_wconf 86' lang='lat' dir='ltr'>Gennenienm</span> <span class='ocrx_word' id='word_1_163' title='bbox 800 1968 898 2007; x_wconf 81' lang='lat' dir='ltr'>vocem</span> <span class='ocrx_word' id='word_1_164' title='bbox 920 1951 1018 2008; x_wconf 82' lang='lat' dir='ltr'>lereito</span> <span class='ocrx_word' id='word_1_165' title='bbox 1039 1954 1157 2025; x_wconf 76' lang='lat' dir='ltr'>proprie</span> <span class='ocrx_word' id='word_1_166' title='bbox 1181 1950 1216 2008; x_wconf 87' lang='lat' dir='ltr'>nd</span> <span class='ocrx_word' id='word_1_167' title='bbox 1238 1962 1354 2024; x_wconf 72' lang='lat' dir='ltr'>tempure</span> 
     </span>
     <span class='ocr_line' id='line_1_22' title="bbox 315 2031 1355 2110; baseline -0.001 -17"><span class='ocrx_word' id='word_1_168' title='bbox 315 2037 473 2110; x_wconf 84' lang='lat' dir='ltr'>pertinere.</span> <span class='ocrx_word' id='word_1_169' title='bbox 518 2034 627 2093; x_wconf 79' lang='lat' dir='ltr'>Eodem</span> <span class='ocrx_word' id='word_1_170' title='bbox 649 2053 747 2092; x_wconf 78' lang='lat' dir='ltr'><strong>caussa</strong></span> <span class='ocrx_word' id='word_1_171' title='bbox 765 2043 809 2092; x_wconf 84' lang='lat' dir='ltr'>est</span> <span class='ocrx_word' id='word_1_172' title='bbox 825 2031 880 2090; x_wconf 94' lang='lat' dir='ltr'>loci</span> <span class='ocrx_word' id='word_1_173' title='bbox 900 2031 1137 2108; x_wconf 80' lang='lat' dir='ltr'>Demosthenici,</span> <span class='ocrx_word' id='word_1_174' title='bbox 1159 2037 1210 2108; x_wconf 90' lang='lat' dir='ltr'>qui</span> <span class='ocrx_word' id='word_1_175' title='bbox 1230 2033 1355 2093; x_wconf 84' lang='lat' dir='ltr'>hebetur</span> 
     </span>
     <span class='ocr_line' id='line_1_23' title="bbox 315 2111 1353 2195; baseline 0 -19"><span class='ocrx_word' id='word_1_176' title='bbox 315 2119 350 2176; x_wconf 85' lang='lat' dir='ltr'>in</span> <span class='ocrx_word' id='word_1_177' title='bbox 384 2121 514 2177; x_wconf 76' lang='lat' dir='ltr'>oratione</span> <span class='ocrx_word' id='word_1_178' title='bbox 545 2119 703 2195; x_wconf 70' lang='lat' dir='ltr'>Philippico</span> <span class='ocrx_word' id='word_1_179' title='bbox 735 2113 792 2175; x_wconf 90' lang='lat' dir='ltr'>lV.</span> <span class='ocrx_word' id='word_1_180' title='bbox 825 2119 853 2188; x_wconf 54' lang='grc' dir='ltr'>ἦ.</span> <span class='ocrx_word' id='word_1_181' title='bbox 876 2122 927 2174; x_wconf 83' lang='grc'>27.</span> <span class='ocrx_word' id='word_1_182' title='bbox 955 2117 1001 2174; x_wconf 90' lang='lat' dir='ltr'>ed.</span> <span class='ocrx_word' id='word_1_183' title='bbox 1025 2111 1125 2176; x_wconf 75' lang='lat' dir='ltr'>Beki.</span> <span class='ocrx_word' id='word_1_184' title='bbox 1156 2139 1184 2192; x_wconf 92' lang='lat' dir='ltr'>p.</span> <span class='ocrx_word' id='word_1_185' title='bbox 1209 2123 1278 2176; x_wconf 74' lang='lat'>138.</span> <span class='ocrx_word' id='word_1_186' title='bbox 1306 2117 1353 2176; x_wconf 90' lang='lat' dir='ltr'>ed.</span> 
     </span>
     <span class='ocr_line' id='line_1_24' title="bbox 316 2190 1355 2286; baseline -0.001 -24"><span class='ocrx_word' id='word_1_187' title='bbox 316 2198 420 2262; x_wconf 83' lang='lat' dir='ltr'>Reiek.</span> <span class='ocrx_word' id='word_1_188' title='bbox 459 2193 551 2264; x_wconf 76' lang='lat' dir='ltr'>&#39;All’</span> <span class='ocrx_word' id='word_1_189' title='bbox 576 2190 615 2286; x_wconf 73' lang='grc' dir='ltr'>ἢν</span> <span class='ocrx_word' id='word_1_190' title='bbox 641 2197 702 2280; x_wconf 79' lang='grc' dir='ltr'>μὲν</span> <span class='ocrx_word' id='word_1_191' title='bbox 728 2191 769 2262; x_wconf 71' lang='grc' dir='ltr'>ἒὶν</span> <span class='ocrx_word' id='word_1_192' title='bbox 788 2219 839 2273; x_wconf 79' lang='grc' dir='ltr'>τις</span> <span class='ocrx_word' id='word_1_193' title='bbox 857 2194 1042 2280; x_wconf 68' lang='grc' dir='ltr'><strong><em>ἐλευθέρων</em></strong></span> <span class='ocrx_word' id='word_1_194' title='bbox 1060 2191 1253 2282; x_wconf 73' lang='grc' dir='ltr'><strong><em>ἀνθρώπων</em></strong></span> <span class='ocrx_word' id='word_1_195' title='bbox 1274 2190 1355 2261; x_wconf 77' lang='lat' dir='ltr'>drui-</span> 
     </span>
     <span class='ocr_line' id='line_1_25' title="bbox 316 2273 1356 2365; baseline 0.003 -21"><span class='ocrx_word' id='word_1_196' title='bbox 316 2305 396 2365; x_wconf 78' lang='grc' dir='ltr'><strong><em>γνρν</em></strong></span> <span class='ocrx_word' id='word_1_197' title='bbox 428 2277 535 2354; x_wconf 70' lang='grc' dir='ltr'><strong><em>εἴποι,</em></strong></span> <span class='ocrx_word' id='word_1_198' title='bbox 569 2276 609 2346; x_wconf 75' lang='lat' dir='ltr'>os&#39;r</span> <span class='ocrx_word' id='word_1_199' title='bbox 639 2280 742 2361; x_wconf 86' lang='grc' dir='ltr'><strong><em>μόνον</em></strong></span> <span class='ocrx_word' id='word_1_200' title='bbox 769 2279 830 2363; x_wconf 79' lang='grc' dir='ltr'>ἤδη</span> <span class='ocrx_word' id='word_1_201' title='bbox 858 2276 1035 2365; x_wconf 73' lang='grc' dir='ltr'><strong><em>πάρεστιν,</em></strong></span> <span class='ocrx_word' id='word_1_202' title='bbox 1058 2273 1142 2345; x_wconf 82' lang='grc' dir='ltr'><strong><em>ἀλλὰ</em></strong></span> <span class='ocrx_word' id='word_1_203' title='bbox 1169 2279 1226 2345; x_wconf 82' lang='grc' dir='ltr'>καὶ</span> <span class='ocrx_word' id='word_1_204' title='bbox 1247 2277 1356 2347; x_wconf 78' lang='grc' dir='ltr'><strong><em>πάλαι</em></strong></span> 
     </span>
     <span class='ocr_line' id='line_1_26' title="bbox 316 2357 1355 2448; baseline -0.002 -21"><span class='ocrx_word' id='word_1_205' title='bbox 316 2362 533 2448; x_wconf 72' lang='grc' dir='ltr'><strong><em>παρελήλυθε</em></strong></span> <span class='ocrx_word' id='word_1_206' title='bbox 561 2357 641 2436; x_wconf 65' lang='lat' dir='ltr'>uei„</span> <span class='ocrx_word' id='word_1_207' title='bbox 672 2386 729 2441; x_wconf 90' lang='lat' dir='ltr'>quo</span> <span class='ocrx_word' id='word_1_208' title='bbox 754 2366 819 2423; x_wconf 91' lang='lat' dir='ltr'>loco</span> <span class='ocrx_word' id='word_1_209' title='bbox 846 2367 913 2439; x_wconf 84' lang='lat' dir='ltr'>ipso</span> <span class='ocrx_word' id='word_1_210' title='bbox 945 2386 1062 2442; x_wconf 81' lang='lat' dir='ltr'>qnoque</span> <span class='ocrx_word' id='word_1_211' title='bbox 1088 2367 1267 2424; x_wconf 81' lang='lat' dir='ltr'>edeeveretio</span> <span class='ocrx_word' id='word_1_212' title='bbox 1299 2371 1355 2426; x_wconf 81' lang='lat' dir='ltr'>iste</span> 
     </span>
     <span class='ocr_line' id='line_1_27' title="bbox 283 2449 1362 2524; baseline 0.004 -18"><span class='ocrx_word' id='word_1_213' title='bbox 283 2465 288 2474; x_wconf 88' lang='grc'>·</span> <span class='ocrx_word' id='word_1_214' title='bbox 317 2450 487 2523; x_wconf 79' lang='lat' dir='ltr'>temporalis</span> <span class='ocrx_word' id='word_1_215' title='bbox 524 2451 568 2508; x_wconf 84' lang='lat' dir='ltr'>ite</span> <span class='ocrx_word' id='word_1_216' title='bbox 599 2453 735 2524; x_wconf 89' lang='lat' dir='ltr'>ponitur,</span> <span class='ocrx_word' id='word_1_217' title='bbox 774 2457 807 2505; x_wconf 85' lang='lat' dir='ltr'>ut</span> <span class='ocrx_word' id='word_1_218' title='bbox 839 2451 867 2508; x_wconf 88' lang='lat' dir='ltr'>ei</span> <span class='ocrx_word' id='word_1_219' title='bbox 895 2449 993 2522; x_wconf 77' lang='lat' dir='ltr'>eliqua</span> <span class='ocrx_word' id='word_1_220' title='bbox 1026 2449 1185 2510; x_wconf 76' lang='lat' dir='ltr'>materialis</span> <span class='ocrx_word' id='word_1_221' title='bbox 1216 2452 1362 2524; x_wconf 50' lang='lat' dir='ltr'>temporie,</span> 
     </span>
    </p>
   </div>
   <div class='ocr_carea' id='block_1_8' title="bbox 196 2529 1354 2607">
    <p class='ocr_par' dir='ltr' id='par_1_8' title="bbox 196 2529 1354 2607">
     <span class='ocr_line' id='line_1_28' title="bbox 196 2529 1354 2607; baseline 0.001 -17"><span class='ocrx_word' id='word_1_222' title='bbox 196 2543 201 2552; x_wconf 96' lang='grc'><strong>’</strong></span> <span class='ocrx_word' id='word_1_223' title='bbox 317 2531 489 2607; x_wconf 78' lang='lat' dir='ltr'>significatio</span> <span class='ocrx_word' id='word_1_224' title='bbox 520 2532 733 2593; x_wconf 76' lang='lat' dir='ltr'>adhaerescere</span> <span class='ocrx_word' id='word_1_225' title='bbox 758 2529 909 2606; x_wconf 81' lang='lat' dir='ltr'>videntur,</span> <span class='ocrx_word' id='word_1_226' title='bbox 940 2551 1042 2592; x_wconf 79' lang='lat' dir='ltr'>rerem</span> <span class='ocrx_word' id='word_1_227' title='bbox 1073 2539 1168 2591; x_wconf 85' lang='lat' dir='ltr'>tomen</span> <span class='ocrx_word' id='word_1_228' title='bbox 1200 2533 1354 2593; x_wconf 82' lang='lat' dir='ltr'>edheereot</span> 
     </span>
    </p>
   </div>
   <div class='ocr_carea' id='block_1_9' title="bbox 310 2613 1354 4112">
    <p class='ocr_par' dir='ltr' id='par_1_9' title="bbox 315 2613 1354 3279">
     <span class='ocr_line' id='line_1_29' title="bbox 316 2613 1354 2690; baseline 0.003 -17"><span class='ocrx_word' id='word_1_229' title='bbox 316 2615 408 2673; x_wconf 84' lang='lat' dir='ltr'>nullo.</span> <span class='ocrx_word' id='word_1_230' title='bbox 451 2613 512 2675; x_wconf 75' lang='lat' dir='ltr'>leta</span> <span class='ocrx_word' id='word_1_231' title='bbox 541 2619 618 2674; x_wconf 87' lang='lat' dir='ltr'>enim</span> <span class='ocrx_word' id='word_1_232' title='bbox 646 2618 785 2690; x_wconf 86' lang='lat' dir='ltr'>temporis</span> <span class='ocrx_word' id='word_1_233' title='bbox 817 2615 1113 2690; x_wconf 76' lang='lat' dir='ltr'>etgntfiearte&#39;pesire</span> <span class='ocrx_word' id='word_1_234' title='bbox 1142 2627 1186 2675; x_wconf 88' lang='lat' dir='ltr'>est</span> <span class='ocrx_word' id='word_1_235' title='bbox 1211 2618 1243 2675; x_wconf 88' lang='lat' dir='ltr'>in</span> <span class='ocrx_word' id='word_1_236' title='bbox 1270 2619 1354 2676; x_wconf 79' lang='lat' dir='ltr'>verbi</span> 
     </span>
     <span class='ocr_line' id='line_1_30' title="bbox 315 2692 1353 2782; baseline 0.002 -26"><span class='ocrx_word' id='word_1_237' title='bbox 315 2708 448 2772; x_wconf 84' lang='lat' dir='ltr'>tempore</span> <span class='ocrx_word' id='word_1_238' title='bbox 475 2692 644 2782; x_wconf 81' lang='grc' dir='ltr'><strong><em>πάρεστιν.</em></strong></span> <span class='ocrx_word' id='word_1_239' title='bbox 688 2699 765 2759; x_wconf 86' lang='lat' dir='ltr'>Nem</span> <span class='ocrx_word' id='word_1_240' title='bbox 786 2703 872 2763; x_wconf 82' lang='lat' dir='ltr'>etiem</span> <span class='ocrx_word' id='word_1_241' title='bbox 896 2703 960 2758; x_wconf 84' lang='lat' dir='ltr'>eine</span> <span class='ocrx_word' id='word_1_242' title='bbox 983 2699 1036 2758; x_wconf 81' lang='lat' dir='ltr'>ille</span> <span class='ocrx_word' id='word_1_243' title='bbox 1059 2699 1200 2773; x_wconf 78' lang='lat' dir='ltr'>partimin</span> <span class='ocrx_word' id='word_1_244' title='bbox 1222 2699 1278 2758; x_wconf 90' lang='lat' dir='ltr'>dici</span> <span class='ocrx_word' id='word_1_245' title='bbox 1301 2721 1353 2774; x_wconf 90' lang='lat' dir='ltr'>po·</span> 
     </span>
     <span class='ocr_line' id='line_1_31' title="bbox 315 2773 1352 2865; baseline 0.004 -25"><span class='ocrx_word' id='word_1_246' title='bbox 315 2791 408 2862; x_wconf 76' lang='lat' dir='ltr'>terqte</span> <span class='ocrx_word' id='word_1_247' title='bbox 435 2773 484 2844; x_wconf 75' lang='lat' dir='ltr'>oi</span> <span class='ocrx_word' id='word_1_248' title='bbox 504 2776 605 2860; x_wconf 83' lang='grc' dir='ltr'><strong><em>μόνον</em></strong></span> <span class='ocrx_word' id='word_1_249' title='bbox 621 2775 799 2865; x_wconf 74' lang='grc' dir='ltr'><strong><em>πάρεστιν,</em></strong></span> <span class='ocrx_word' id='word_1_250' title='bbox 820 2774 905 2843; x_wconf 79' lang='grc' dir='ltr'><strong><em>ἀλλὰ</em></strong></span> <span class='ocrx_word' id='word_1_251' title='bbox 924 2777 979 2843; x_wconf 81' lang='grc' dir='ltr'>καὶ</span> <span class='ocrx_word' id='word_1_252' title='bbox 998 2776 1104 2844; x_wconf 82' lang='grc' dir='ltr'><strong><em>πάλαι</em></strong></span> <span class='ocrx_word' id='word_1_253' title='bbox 1125 2777 1352 2864; x_wconf 80' lang='grc' dir='ltr'><strong><em>παρελήλυθε.</em></strong></span> 
     </span>
     <span class='ocr_line' id='line_1_32' title="bbox 315 2863 1354 2940; baseline 0 -16"><span class='ocrx_word' id='word_1_254' title='bbox 315 2863 385 2924; x_wconf 85' lang='lat' dir='ltr'>Non</span> <span class='ocrx_word' id='word_1_255' title='bbox 416 2867 504 2937; x_wconf 74' lang='lat' dir='ltr'>igitur</span> <span class='ocrx_word' id='word_1_256' title='bbox 529 2883 683 2938; x_wconf 85' lang='lat' dir='ltr'>possumne</span> <span class='ocrx_word' id='word_1_257' title='bbox 711 2867 797 2921; x_wconf 81' lang='lat' dir='ltr'>istem</span> <span class='ocrx_word' id='word_1_258' title='bbox 822 2863 1034 2924; x_wconf 72' lang='lat' dir='ltr'>distinctionem</span> <span class='ocrx_word' id='word_1_259' title='bbox 1057 2869 1205 2940; x_wconf 88' lang='lat' dir='ltr'>proprium</span> <span class='ocrx_word' id='word_1_260' title='bbox 1227 2868 1306 2924; x_wconf 89' lang='lat' dir='ltr'>inter</span> <span class='ocrx_word' id='word_1_261' title='bbox 1325 2875 1354 2924; x_wconf 86' lang='lat' dir='ltr'>et</span> 
     </span>
     <span class='ocr_line' id='line_1_33' title="bbox 315 2941 1353 3029; baseline 0.003 -25"><span class='ocrx_word' id='word_1_262' title='bbox 315 2945 542 3020; x_wconf 81' lang='lat' dir='ltr'>metaphoricum</span> <span class='ocrx_word' id='word_1_263' title='bbox 563 2964 646 3005; x_wconf 83' lang='lat' dir='ltr'>usum</span> <span class='ocrx_word' id='word_1_264' title='bbox 665 2941 727 3029; x_wconf 75' lang='grc' dir='ltr'>ἢθη</span> <span class='ocrx_word' id='word_1_265' title='bbox 749 2947 906 3020; x_wconf 74' lang='lat' dir='ltr'>particulae</span> <span class='ocrx_word' id='word_1_266' title='bbox 923 2969 1096 3024; x_wconf 76' lang='lat' dir='ltr'>agnoscere,</span> <span class='ocrx_word' id='word_1_267' title='bbox 1115 2949 1165 3007; x_wconf 85' lang='lat' dir='ltr'>sed</span> <span class='ocrx_word' id='word_1_268' title='bbox 1181 2961 1277 3006; x_wconf 85' lang='lat' dir='ltr'>temen</span> <span class='ocrx_word' id='word_1_269' title='bbox 1295 2970 1353 3022; x_wconf 83' lang='lat' dir='ltr'>quo</span> 
     </span>
     <span class='ocr_line' id='line_1_34' title="bbox 315 3029 1351 3107; baseline 0.002 -19"><span class='ocrx_word' id='word_1_270' title='bbox 315 3029 431 3088; x_wconf 79' lang='lat' dir='ltr'>facilins</span> <span class='ocrx_word' id='word_1_271' title='bbox 457 3031 612 3088; x_wconf 82' lang='lat' dir='ltr'>universus</span> <span class='ocrx_word' id='word_1_272' title='bbox 639 3049 707 3087; x_wconf 78' lang='lat' dir='ltr'>neus</span> <span class='ocrx_word' id='word_1_273' title='bbox 736 3030 869 3105; x_wconf 71' lang='lat' dir='ltr'>intellegi</span> <span class='ocrx_word' id='word_1_274' title='bbox 894 3036 1001 3107; x_wconf 85' lang='lat' dir='ltr'>possit,</span> <span class='ocrx_word' id='word_1_275' title='bbox 1037 3035 1067 3090; x_wconf 93' lang='lat' dir='ltr'>in</span> <span class='ocrx_word' id='word_1_276' title='bbox 1095 3032 1271 3106; x_wconf 76' lang='lat' dir='ltr'>explicando</span> <span class='ocrx_word' id='word_1_277' title='bbox 1301 3031 1351 3090; x_wconf 80' lang='lat' dir='ltr'>liec</span> 
     </span>
     <span class='ocr_line' id='line_1_35' title="bbox 315 3112 1349 3192; baseline 0.005 -21"><span class='ocrx_word' id='word_1_278' title='bbox 315 3112 458 3187; x_wconf 76' lang='lat' dir='ltr'>porticulo</span> <span class='ocrx_word' id='word_1_279' title='bbox 486 3113 618 3170; x_wconf 83' lang='lat' dir='ltr'>ordinem</span> <span class='ocrx_word' id='word_1_280' title='bbox 647 3133 712 3171; x_wconf 87' lang='lat' dir='ltr'>enm</span> <span class='ocrx_word' id='word_1_281' title='bbox 741 3133 913 3192; x_wconf 81' lang='lat' dir='ltr'>sequemur,</span> <span class='ocrx_word' id='word_1_282' title='bbox 942 3133 1029 3189; x_wconf 87' lang='lat' dir='ltr'>quem</span> <span class='ocrx_word' id='word_1_283' title='bbox 1059 3118 1146 3176; x_wconf 84' lang='lat' dir='ltr'>etiem</span> <span class='ocrx_word' id='word_1_284' title='bbox 1175 3116 1209 3173; x_wconf 82' lang='lat' dir='ltr'>iu</span> <span class='ocrx_word' id='word_1_285' title='bbox 1230 3125 1349 3191; x_wconf 78' lang='lat' dir='ltr'>cognato</span> 
     </span>
     <span class='ocr_line' id='line_1_36' title="bbox 315 3191 764 3279; baseline 0 -25"><span class='ocrx_word' id='word_1_286' title='bbox 315 3196 458 3270; x_wconf 73' lang='lat' dir='ltr'>porticulo</span> <span class='ocrx_word' id='word_1_287' title='bbox 479 3191 519 3279; x_wconf 70' lang='lat' dir='ltr'>dr)</span> <span class='ocrx_word' id='word_1_288' title='bbox 544 3197 635 3256; x_wconf 83' lang='lat' dir='ltr'>sconti</span> <span class='ocrx_word' id='word_1_289' title='bbox 656 3215 764 3255; x_wconf 84' lang='lat' dir='ltr'>eumne.</span> 
     </span>
    </p>

    <p class='ocr_par' dir='ltr' id='par_1_10' title="bbox 310 3269 1349 4112">
     <span class='ocr_line' id='line_1_37' title="bbox 398 3269 1349 3363; baseline 0 -25"><span class='ocrx_word' id='word_1_290' title='bbox 398 3277 477 3338; x_wconf 84' lang='lat' dir='ltr'>Nam</span> <span class='ocrx_word' id='word_1_291' title='bbox 504 3298 593 3352; x_wconf 85' lang='lat' dir='ltr'>quom</span> <span class='ocrx_word' id='word_1_292' title='bbox 620 3269 682 3363; x_wconf 74' lang='grc' dir='ltr'>ἤδη</span> <span class='ocrx_word' id='word_1_293' title='bbox 712 3302 789 3354; x_wconf 88' lang='lat' dir='ltr'>rem,</span> <span class='ocrx_word' id='word_1_294' title='bbox 819 3279 855 3338; x_wconf 91' lang='lat' dir='ltr'>de</span> <span class='ocrx_word' id='word_1_295' title='bbox 882 3300 940 3355; x_wconf 80' lang='lat' dir='ltr'>qun</span> <span class='ocrx_word' id='word_1_296' title='bbox 968 3281 1052 3353; x_wconf 82' lang='lat' dir='ltr'>quusi</span> <span class='ocrx_word' id='word_1_297' title='bbox 1084 3279 1271 3340; x_wconf 78' lang='lat' dir='ltr'>delectere</span> <span class='ocrx_word' id='word_1_298' title='bbox 1295 3283 1349 3338; x_wconf 86' lang='lat' dir='ltr'>iem</span> 
     </span>
     <span class='ocr_line' id='line_1_38' title="bbox 316 3360 1349 3440; baseline 0.003 -20"><span class='ocrx_word' id='word_1_299' title='bbox 316 3371 446 3434; x_wconf 84' lang='lat' dir='ltr'>constet,</span> <span class='ocrx_word' id='word_1_300' title='bbox 477 3360 625 3437; x_wconf 71' lang='lat' dir='ltr'>designet,</span> <span class='ocrx_word' id='word_1_301' title='bbox 654 3363 732 3424; x_wconf 87' lang='lat' dir='ltr'>iubet</span> <span class='ocrx_word' id='word_1_302' title='bbox 760 3362 921 3423; x_wconf 75' lang='lat' dir='ltr'>eruditorem</span> <span class='ocrx_word' id='word_1_303' title='bbox 949 3383 1009 3422; x_wconf 87' lang='lat' dir='ltr'>nou</span> <span class='ocrx_word' id='word_1_304' title='bbox 1034 3365 1159 3437; x_wconf 78' lang='lat' dir='ltr'>emplius</span> <span class='ocrx_word' id='word_1_305' title='bbox 1184 3376 1349 3440; x_wconf 75' lang='lat' dir='ltr'>exspectare</span> 
     </span>
     <span class='ocr_line' id='line_1_39' title="bbox 316 3443 1349 3522; baseline 0.004 -20"><span class='ocrx_word' id='word_1_306' title='bbox 316 3465 409 3520; x_wconf 81' lang='lat' dir='ltr'>nsque</span> <span class='ocrx_word' id='word_1_307' title='bbox 430 3443 499 3501; x_wconf 86' lang='lat' dir='ltr'>dum</span> <span class='ocrx_word' id='word_1_308' title='bbox 521 3445 573 3503; x_wconf 76' lang='lat' dir='ltr'>fiat</span> <span class='ocrx_word' id='word_1_309' title='bbox 596 3446 724 3521; x_wconf 76' lang='lat' dir='ltr'>aliquid,</span> <span class='ocrx_word' id='word_1_310' title='bbox 751 3447 800 3505; x_wconf 88' lang='lat' dir='ltr'>sed</span> <span class='ocrx_word' id='word_1_311' title='bbox 823 3449 905 3518; x_wconf 82' lang='lat' dir='ltr'>qussi</span> <span class='ocrx_word' id='word_1_312' title='bbox 926 3447 1033 3505; x_wconf 81' lang='lat' dir='ltr'>luctum</span> <span class='ocrx_word' id='word_1_313' title='bbox 1054 3446 1144 3522; x_wconf 91' lang='lat' dir='ltr'>illud,</span> <span class='ocrx_word' id='word_1_314' title='bbox 1172 3447 1208 3506; x_wconf 84' lang='lat' dir='ltr'>de</span> <span class='ocrx_word' id='word_1_315' title='bbox 1230 3469 1288 3520; x_wconf 86' lang='lat' dir='ltr'>quo</span> <span class='ocrx_word' id='word_1_316' title='bbox 1310 3449 1349 3506; x_wconf 89' lang='lat' dir='ltr'>di·</span> 
     </span>
     <span class='ocr_line' id='line_1_40' title="bbox 316 3527 1348 3604; baseline 0.002 -18"><span class='ocrx_word' id='word_1_317' title='bbox 316 3530 405 3601; x_wconf 87' lang='lat' dir='ltr'>citnr,</span> <span class='ocrx_word' id='word_1_318' title='bbox 431 3530 531 3601; x_wconf 90' lang='lat' dir='ltr'>ponit,</span> <span class='ocrx_word' id='word_1_319' title='bbox 561 3527 638 3604; x_wconf 90' lang='lat' dir='ltr'>qnod</span> <span class='ocrx_word' id='word_1_320' title='bbox 657 3538 687 3587; x_wconf 88' lang='lat' dir='ltr'>et</span> <span class='ocrx_word' id='word_1_321' title='bbox 710 3529 745 3587; x_wconf 85' lang='lat' dir='ltr'>ed</span> <span class='ocrx_word' id='word_1_322' title='bbox 767 3531 953 3603; x_wconf 75' lang='lat' dir='ltr'>praeteritum</span> <span class='ocrx_word' id='word_1_323' title='bbox 976 3541 1087 3603; x_wconf 83' lang='lat' dir='ltr'>tempus</span> <span class='ocrx_word' id='word_1_324' title='bbox 1108 3543 1137 3587; x_wconf 91' lang='lat' dir='ltr'>et</span> <span class='ocrx_word' id='word_1_325' title='bbox 1158 3529 1193 3587; x_wconf 87' lang='lat' dir='ltr'>ed</span> <span class='ocrx_word' id='word_1_326' title='bbox 1215 3551 1348 3604; x_wconf 71' lang='lat' dir='ltr'>praesens</span> 
     </span>
     <span class='ocr_line' id='line_1_41' title="bbox 315 3609 1349 3690; baseline 0.003 -21"><span class='ocrx_word' id='word_1_327' title='bbox 315 3619 346 3669; x_wconf 85' lang='lat' dir='ltr'>et</span> <span class='ocrx_word' id='word_1_328' title='bbox 373 3610 409 3669; x_wconf 83' lang='lat' dir='ltr'>ed</span> <span class='ocrx_word' id='word_1_329' title='bbox 436 3612 565 3670; x_wconf 83' lang='lat' dir='ltr'>futurem</span> <span class='ocrx_word' id='word_1_330' title='bbox 592 3615 735 3686; x_wconf 85' lang='lat' dir='ltr'>pertinet,</span> <span class='ocrx_word' id='word_1_331' title='bbox 762 3613 854 3669; x_wconf 78' lang='lat' dir='ltr'>ueluti</span> <span class='ocrx_word' id='word_1_332' title='bbox 877 3614 904 3670; x_wconf 86' lang='lat' dir='ltr'>si</span> <span class='ocrx_word' id='word_1_333' title='bbox 924 3609 1095 3686; x_wconf 79' lang='lat' dir='ltr'>Xenophon</span> <span class='ocrx_word' id='word_1_334' title='bbox 1116 3615 1147 3671; x_wconf 90' lang='lat' dir='ltr'>in</span> <span class='ocrx_word' id='word_1_335' title='bbox 1172 3615 1349 3690; x_wconf 74' lang='lat' dir='ltr'>liuperlitiorr</span> 
     </span>
     <span class='ocr_line' id='line_1_42' title="bbox 318 3689 1347 3778; baseline 0.004 -26"><span class='ocrx_word' id='word_1_336' title='bbox 318 3695 384 3766; x_wconf 71' lang='lat' dir='ltr'>Cori</span> <span class='ocrx_word' id='word_1_337' title='bbox 414 3693 466 3752; x_wconf 91' lang='lat' dir='ltr'>lib.</span> <span class='ocrx_word' id='word_1_338' title='bbox 495 3690 533 3751; x_wconf 90' lang='lat' dir='ltr'>ll.</span> <span class='ocrx_word' id='word_1_339' title='bbox 564 3713 628 3769; x_wconf 87' lang='lat' dir='ltr'>nep.</span> <span class='ocrx_word' id='word_1_340' title='bbox 651 3701 681 3751; x_wconf 82' lang='lat'>2.</span> <span class='ocrx_word' id='word_1_341' title='bbox 713 3697 740 3765; x_wconf 84' lang='lat'>§.</span> <span class='ocrx_word' id='word_1_342' title='bbox 766 3699 795 3750; x_wconf 83' lang='grc'>3.</span> <span class='ocrx_word' id='word_1_343' title='bbox 827 3693 911 3751; x_wconf 88' lang='lat' dir='ltr'>dicit:</span> <span class='ocrx_word' id='word_1_344' title='bbox 944 3693 1044 3756; x_wconf 80' lang='grc' dir='ltr'><em>Μετὰ</em></span> <span class='ocrx_word' id='word_1_345' title='bbox 1074 3693 1110 3760; x_wconf 80' lang='grc' dir='ltr'>δὲ</span> <span class='ocrx_word' id='word_1_346' title='bbox 1139 3697 1257 3770; x_wconf 74' lang='grc' dir='ltr'><strong><em>ταῦτα,</em></strong></span> <span class='ocrx_word' id='word_1_347' title='bbox 1288 3689 1347 3778; x_wconf 70' lang='grc' dir='ltr'>ἤδη</span> 
     </span>
     <span class='ocr_line' id='line_1_43' title="bbox 322 3768 1347 3859; baseline 0.001 -22"><span class='ocrx_word' id='word_1_348' title='bbox 322 3768 413 3838; x_wconf 71' lang='lat' dir='ltr'>‘ileo</span> <span class='ocrx_word' id='word_1_349' title='bbox 436 3770 601 3852; x_wconf 80' lang='grc' dir='ltr'><strong><em>δύνοντος,</em></strong></span> <span class='ocrx_word' id='word_1_350' title='bbox 630 3772 834 3857; x_wconf 82' lang='grc' dir='ltr'><strong><em>συγκαλέσας</em></strong></span> <span class='ocrx_word' id='word_1_351' title='bbox 855 3774 933 3851; x_wconf 69' lang='grc' dir='ltr'>τοὺς</span> <span class='ocrx_word' id='word_1_352' title='bbox 954 3774 1156 3859; x_wconf 71' lang='grc' dir='ltr'><strong><em>στρατηγοὺς</em></strong></span> <span class='ocrx_word' id='word_1_353' title='bbox 1177 3774 1234 3839; x_wconf 74' lang='lat' dir='ltr'>eorl</span> <span class='ocrx_word' id='word_1_354' title='bbox 1255 3777 1347 3856; x_wconf 78' lang='grc' dir='ltr'><strong><em>λαχα·</em></strong></span> 
     </span>
     <span class='ocr_line' id='line_1_44' title="bbox 310 3798 1347 3945; baseline -0.002 -25"><span class='ocrx_word' id='word_1_355' title='bbox 310 3798 394 3940; x_wconf 48' lang='lat' dir='ltr'>{orig</span> <span class='ocrx_word' id='word_1_356' title='bbox 418 3851 508 3936; x_wconf 74' lang='grc' dir='ltr'><strong><em>ἔλεξε</em></strong></span> <span class='ocrx_word' id='word_1_357' title='bbox 534 3853 648 3922; x_wconf 78' lang='grc' dir='ltr'><em>τοιάδε</em></span> <span class='ocrx_word' id='word_1_358' title='bbox 678 3851 757 3926; x_wconf 60' lang='grc' dir='ltr'>κτλ,</span> <span class='ocrx_word' id='word_1_359' title='bbox 787 3879 821 3918; x_wconf 84' lang='lat' dir='ltr'>eo</span> <span class='ocrx_word' id='word_1_360' title='bbox 851 3859 915 3920; x_wconf 88' lang='lat' dir='ltr'>loco</span> <span class='ocrx_word' id='word_1_361' title='bbox 939 3850 1000 3945; x_wconf 74' lang='grc' dir='ltr'>ἤδη</span> <span class='ocrx_word' id='word_1_362' title='bbox 1026 3863 1166 3937; x_wconf 80' lang='lat' dir='ltr'>particule</span> <span class='ocrx_word' id='word_1_363' title='bbox 1188 3861 1295 3920; x_wconf 84' lang='lat' dir='ltr'>indicet</span> <span class='ocrx_word' id='word_1_364' title='bbox 1316 3878 1347 3918; x_wconf 91' lang='lat' dir='ltr'>eo</span> 
     </span>
     <span class='ocr_line' id='line_1_45' title="bbox 317 3943 1348 4020; baseline 0.002 -22"><span class='ocrx_word' id='word_1_365' title='bbox 317 3951 467 4016; x_wconf 84' lang='lat' dir='ltr'>tempore,</span> <span class='ocrx_word' id='word_1_366' title='bbox 495 3963 553 4016; x_wconf 84' lang='lat' dir='ltr'>quo</span> <span class='ocrx_word' id='word_1_367' title='bbox 580 3945 786 4002; x_wconf 76' lang='lat' dir='ltr'>convocaverit</span> <span class='ocrx_word' id='word_1_368' title='bbox 808 3944 894 4003; x_wconf 85' lang='lat' dir='ltr'>duces</span> <span class='ocrx_word' id='word_1_369' title='bbox 915 3949 1063 4005; x_wconf 80' lang='lat' dir='ltr'>exercitos</span> <span class='ocrx_word' id='word_1_370' title='bbox 1088 3943 1256 4020; x_wconf 79' lang='lat' dir='ltr'>Cleerclune,</span> <span class='ocrx_word' id='word_1_371' title='bbox 1280 3945 1348 4001; x_wconf 85' lang='lat' dir='ltr'>occi-</span> 
     </span>
     <span class='ocr_line' id='line_1_46' title="bbox 317 4025 1347 4112; baseline 0.003 -28"><span class='ocrx_word' id='word_1_372' title='bbox 317 4025 396 4084; x_wconf 77' lang='lat' dir='ltr'>disse</span> <span class='ocrx_word' id='word_1_373' title='bbox 422 4027 481 4083; x_wconf 82' lang='lat' dir='ltr'>ium</span> <span class='ocrx_word' id='word_1_374' title='bbox 509 4027 617 4099; x_wconf 82' lang='lat' dir='ltr'>enirm,</span> <span class='ocrx_word' id='word_1_375' title='bbox 647 4039 679 4084; x_wconf 89' lang='lat' dir='ltr'>nt</span> <span class='ocrx_word' id='word_1_376' title='bbox 707 4047 745 4086; x_wconf 87' lang='lat' dir='ltr'>ne</span> <span class='ocrx_word' id='word_1_377' title='bbox 762 4029 895 4112; x_wconf 29' lang='lat' dir='ltr'>‚emplius</span> <span class='ocrx_word' id='word_1_378' title='bbox 915 4027 1143 4103; x_wconf 72' lang='lat' dir='ltr'>exspecta-tun</span> <span class='ocrx_word' id='word_1_379' title='bbox 1163 4039 1241 4090; x_wconf 75' lang='lat' dir='ltr'>esset</span> <span class='ocrx_word' id='word_1_380' title='bbox 1261 4047 1347 4102; x_wconf 80' lang='lat' dir='ltr'>usqne</span> 
     </span>
    </p>
   </div>
   <div class='ocr_carea' id='block_1_10' title="bbox 0 0 1494 4574">
    <p class='ocr_par' dir='ltr' id='par_1_11' title="bbox 0 0 1494 4574">
     <span class='ocr_line' id='line_1_47' title="bbox 0 0 1494 4574; baseline 0 3"><span class='ocrx_word' id='word_1_381' title='bbox 0 0 1494 4574; x_wconf 95' lang='lat' dir='ltr'> </span> 
     </span>
    </p>
   </div>
  </div>
 </body>
</html>
