3016 4580
313 259 380 330 278
627 259 692 346 ys,
725 259 1048 346 peremeris.

316 427 351 511 ἐν
379 430 450 508 τοῖς
475 431 589 516 χοροῖς
617 429 787 517 προῇδονς
836 429 925 513 Quod
952 432 979 492 ri
1008 431 1076 506 quir
1100 435 1212 492 vertat:
1246 433 1286 490 Et
1315 431 1362 491 cni

315 517 425 598 qutrlcn:
453 515 487 574 de
514 537 558 574 nte
587 521 725 588 constitit,
758 522 814 577 nisi
837 518 962 596 quidem,
994 522 1037 576 uti
1065 521 1096 576 in
1117 516 1210 574 clm
1233 513 1282 588 rit,
1311 535 1361 594 eqo

315 609 400 659 ceretu
425 597 553 677 praeivi?
581 601 606 658 is
637 599 758 688 quiden:
776 605 871 688 ipsam
892 601 1065 661 senteutiam
1087 608 1165 660 reete
1187 597 1362 675 reddiderit,

314 682 366 744 scd
388 693 484 744 tanuen
505 705 568 744 rem
588 706 648 744 non
673 685 863 762 explicaverit
881 693 1022 746 accurate.
1066 681 1175 759 Neque
1193 684 1272 742 euim
1292 703 1361 759 pos·

227 841 231 846 ¹
316 778 383 828 suut
403 766 436 827 bi
457 769 513 828 leci
537 769 621 828 aliter
644 771 799 846 explanari
820 771 876 830 nisi
899 772 950 843 ita,
976 779 1007 828 ut
1026 767 1161 832 adsumas
1184 770 1361 844 cogitatione

316 850 429 926 aliquid
456 855 555 930 itaque
584 874 731 930 exponas:
765 860 818 927 Et,
844 863 875 914 nt
904 855 1012 929 reliquo
1043 863 1094 914 unt
1122 873 1172 923 eo,
1203 853 1236 912 de
1262 852 1362 928 (μάθω

315 937 399 995 ruodo
422 937 498 1009 dini,
521 942 659 1008 nurittunr,
681 945 726 996 cut
741 939 856 1016 quiden:
876 939 910 1013 de
934 957 978 996 :ue
998 934 1141 998 cumcito?
1183 933 1303 994 Etenim
1324 955 1377 1010 ue⁴

315 1017 370 1078 illo
398 1021 517 1095 quidem
544 1021 631 1080 modo
659 1023 817 1098 quidquam
844 1022 997 1098 proficies,
1028 1023 1053 1080 si
1074 1020 1171 1080 solvas
1191 1021 1253 1079 rim
1273 1021 1363 1080 iuter·

315 1108 480 1180 rogationis
500 1114 530 1164 et
550 1104 625 1164 lrauc
646 1108 819 1165 senteutiam
841 1125 950 1181 ponas:
982 1100 1050 1168 Καὶ
1070 1095 1181 1168 eridani
1201 1123 1237 1184 γε
1260 1099 1362 1186 δῆλος

316 1175 372 1272 ἦν,
399 1183 431 1252 ai
455 1181 502 1272 μή
523 1209 560 1270 γε
582 1183 697 1275 ὥσπερ
720 1177 760 1256 dvx
774 1191 846 1264 τοῖς
864 1189 979 1272 χοροῖς
1000 1185 1168 1274 προῇδονς
1197 1195 1227 1246 et
1248 1197 1360 1247 vertes:
1392 1225 1397 1240 r

317 1276 355 1330 Et
378 1275 483 1332 nutriret
502 1273 612 1350 quidem
637 1275 670 1334 de
690 1295 734 1332 me
758 1279 881 1334 constitit
901 1282 951 1332 etc.
994 1269 1071 1330 Nem
1097 1273 1194 1331 etiam'
1213 1273 1255 1330 sic
1275 1279 1303 1330 et
1325 1265 1362 1352 γὲ

317 1365 347 1416 et
371 1355 481 1434 quiricus
506 1356 639 1434 indigent
662 1359 868 1434 explicatione.
913 1356 961 1416 Ac
981 1375 1081 1416 rursus
1106 1343 1286 1416 reddundum
1306 1357 1363 1414 erit

317 1438 355 1501 ad
388 1439 445 1500 tale
477 1439 595 1518 aliquod
627 1446 789 1504 sententiae
822 1442 1071 1518 supplementum:
1102 1445 1141 1499 E:
1173 1449 1206 1498 ut
1234 1444 1362 1499 ossillum

316 1543 404 1602 seque
433 1528 525 1602 ipsun:
557 1525 683 1600 adsutum
709 1546 796 1604 neque
825 1546 921 1588 curun:
949 1543 1131 1602 quenquam,
1163 1527 1210 1600 qui
1235 1523 1362 1597 rulfnisse

318 1607 464 1679 dicuutur,
481 1618 588 1690 'testem
611 1611 776 1687 productum
800 1630 874 1682 esse,
902 1613 1005 1668 centini
1030 1617 1101 1666 cer‘tc
1124 1604 1272 1684 (quidem)
1293 1625 1361 1664 con-

316 1696 389 1750 stitit
412 1691 445 1750 dc
465 1713 508 1751 mc
529 1702 578 1752 cto.
621 1692 667 1753 lta
692 1715 725 1754 sc
748 1714 795 1754 res
816 1697 904 1753 etiem
926 1695 959 1752 in
980 1691 1102 1767 reliquis
1120 1689 1191 1749 locis
1208 1688 1306 1764 hebet,
1328 1690 1362 1747 in

318 1775 423 1848 quibus
450 1771 487 1856 γε’
516 1776 553 1835 ad
579 1779 821 1854 interrogationes
850 1776 1016 1836 adiunctum
1037 1776 1161 1851 legitur,
1190 1793 1249 1848 qua
1272 1773 1361 1834 dere

318 1868 348 1916 et
387 1880 475 1934 supra
515 1857 581 1918 data
615 1865 765 1921 occasione
805 1861 1019 1936 exquisivimus
1053 1861 1086 1919 in
1117 1855 1259 1934 particula
1294 1843 1362 1942 ἆρα

317 1961 348 2016 p.
371 1947 431 2000 192
455 1963 501 2016 sq.
527 1951 556 2002 et
580 1944 657 2004 iul'ra
682 1943 798 2004 dicendi
822 1945 901 2006 loeus
923 1947 988 2004 erit.

404 2023 591 2107 Quamquam
621 2031 653 2088 vi
681 2050 714 2090 ec
738 2037 880 2104 potestate
905 2025 1065 2104 particulae
1094 2018 1131 2106 γὲ
1155 2021 1303 2082 intellecta
1331 2031 1361 2082 et

318 2111 416 2184 agnita
445 2113 501 2170 rix
533 2132 605 2188 opus
637 2122 681 2174 est
716 2123 825 2174 ceteros
858 2132 975 2190 quoque
1007 2111 1085 2169 locos
1116 2128 1134 2166 a
1162 2127 1211 2166 nae
1236 2104 1284 2166 lic
1310 2105 1362 2166 ad·

319 2195 411 2272 tingi,
448 2215 609 2270 persequer
641 2206 737 2258 tamen
771 2201 856 2258 etiarn
889 2197 947 2256 alia
973 2193 1115 2270 quaedam
1141 2189 1296 2266 exempla,
1328 2192 1362 2251 in

318 2281 425 2355 quibus
455 2282 510 2340 etsi
539 2283 636 2342 mium
667 2283 799 2342 rideatur
830 2281 867 2342 ed
896 2276 1098 2354 explicandam
1122 2275 1295 2351 particulam
1324 2269 1361 2356 ys*

216 2349 230 2416 .’
317 2380 391 2438 opus
426 2383 489 2424 esse
521 2364 572 2423 tali
603 2367 825 2442 supplemento,
865 2375 982 2438 tamen,
1019 2364 1046 2422 si
1080 2363 1196 2438 penitus
1227 2369 1361 2419 naturam

315 2448 475 2518 particulae
504 2449 627 2522 eiusque
658 2454 717 2510 rim
749 2451 895 2526 inspicere
928 2448 1080 2522 uolumus,
1113 2447 1189 2508 istae
1223 2445 1360 2519 ambages

317 2532 410 2588 omitti
436 2551 496 2590 uon
521 2541 665 2608 poterunt.
709 2531 761 2594 Sic
787 2539 819 2594 iu
841 2533 1100 2594 exclamationibus
1120 2530 1253 2590 ridemus
1274 2545 1361 2600 saepe

316 2633 439 2674 numero
467 2615 527 2692 legi
558 2619 729 2692 particulam
757 2614 809 2700 γέ,
838 2619 873 2678 de
901 2635 959 2693 qus
986 2623 1065 2676 recte
1092 2616 1151 2675 iam
1173 2612 1361 2674 existumavit

316 2693 498 2776 Hartungius
523 2700 543 2759 l.
565 2702 585 2760 l.
612 2703 670 2764 rol.
692 2703 717 2762 l.
740 2726 768 2778 p.
791 2708 883 2777 dih,
908 2721 996 2777 quom
1022 2699 1099 2766 dixit
1122 2709 1181 2758 turn
1204 2698 1274 2772 poni
1295 2714 1361 2771 par·

315 2783 431 2844 ticulum
458 2787 489 2843 iu
515 2783 661 2846 efferendo
683 2788 846 2862 praedicato
868 2785 985 2858 aliquo,
1012 2783 1037 2840 ri
1056 2785 1137 2841 inter
1156 2791 1250 2840 uetera
1276 2797 1362 2854 prae·

316 2865 420 2942 dicata,
443 2889 518 2942 quae
540 2869 641 2928 eadere
660 2879 780 2942 possent
800 2872 831 2926 iu
853 2888 940 2926 uuam
960 2865 1088 2938 aliquam
1108 2885 1182 2940 rem,
1200 2884 1291 2922 nuum
1309 2883 1361 2937 po·

316 2951 466 3008 tissumum
488 2952 615 3010 eminere
639 2950 798 3026 videretur,
820 2950 955 3010 adferens
976 2950 1065 3009 etiam
1082 2949 1301 3025 grammaticum
1322 2963 1362 3002 ex

315 3031 400 3090 tmm.
428 3031 562 3092 Belkeri
590 3034 726 3108 Accedet,
754 3057 786 3110 p.
813 3039 884 3094 971.
930 3035 983 3110 qui
1010 3034 1051 3096 tn
1075 3033 1283 3106 praecepisset:
1309 3015 1361 3087 Ἐν

315 3115 362 3197 τῷ
389 3114 528 3193 καλῶς
555 3137 601 3198 γε
628 3111 862 3202 oppulsando
884 3076 1038 3183 dulcesce
1056 3115 1116 3196 τῆς
1137 3113 1197 3174 τοῦ
1218 3102 1372 3205 κάλλους-

316 3192 401 3340 ἕέπλ
415 3193 516 3276 ’ξεως.
558 3197 610 3262 Sic
631 3201 717 3280 ’qnod
743 3203 852 3280 legitur
871 3203 905 3263 in
926 3196 1078 3272 Euripidis
1098 3194 1213 3254 llcuulu
1236 3215 1267 3256 v.
1288 3195 1361 3254 825.

316 3301 363 3341 a.
418 3303 490 3343 erm.

516 3425 616 3482 Δεινόν
633 3448 665 3498 γε
683 3435 796 3497 θνητοῖς
812 3427 849 3490 ὡς
867 3423 976 3481 ἅπαντα
995 3429 1151 3496 συμπηνεῖ,

516 3497 563 3549 καὶ
581 3494 628 3556 τὰς
646 3493 769 3565 ἀνάγκας
786 3499 813 3551 ol
830 3492 908 3567 λόγοι
925 3491 1059 3569 διώρισαν
1079 3493 1135 3548 xri.

314 3637 357 3696 ita
384 3634 601 3711 explanandum
632 3636 703 3694 erit:
741 3639 775 3694 Si
806 3635 878 3700 nihil
906 3635 999 3707 uliud,
1030 3633 1153 3693 terriltls
1168 3633 1289 3711 quiden:
1309 3639 1361 3704 ert,

315 3741 396 3800 rprcns
427 3721 465 3780 ud
498 3720 610 3780 modum
641 3719 808 3780 mortalibus
842 3723 937 3779 untnin
971 3717 1149 3779 colluduntur
1178 3727 1229 3776 etc.
1293 3711 1361 3772 ldoo

314 3805 402 3865 ruodo
422 3803 507 3865 valde
529 3804 566 3863 de
589 3825 641 3880 eo,
669 3803 746 3880 quod
767 3804 889 3877 dicitur,
911 3803 1061 3863 adfirmari
1085 3809 1222 3878 apparet,
1245 3797 1361 3857 eodem·

314 3913 373 3967 que
408 3891 494 3950 ruodo
529 3897 558 3950 et
590 3911 644 3950 uos
677 3891 816 3968 dicineus:
859 3889 1034 3948 Solrrcnllicls
1064 3890 1231 3960 tuentqstrus
1261 3885 1299 3940 ist
1330 3899 1360 3938 er

313 3996 341 4033 u.
362 3996 388 4032 s.
408 3995 460 4046 un,
483 3983 513 4034 et
533 3972 652 4035 Latini:
677 3973 856 4036 Horrendus:
878 3974 989 4048 quiden:
1009 3979 1050 4030 est
1073 3977 1134 4038 stu,
1156 3975 1198 4041 ut,
1220 3963 1297 4040 qaod
1318 3965 1360 4022 ite

313 4055 435 4128 dicitur,
466 4057 569 4118 eodem
594 4058 723 4134 denique
747 4055 833 4116 modo
855 4054 1060 4132 explicandum
1080 4053 1133 4112 sir:
1171 4049 1261 4111 Adde
1282 4045 1361 4125 quod

312 4141 421 4213 legitur
442 4141 476 4201 in
495 4137 706 4222 Aristophanis
729 4141 838 4202 Auitus
859 4159 887 4202 r·
912 4144 971 4200 139
993 4157 1061 4213 sqq.
