2994 4592
600 183 697 282 ἄρα.
1107 197 1169 268 ¹81

30 382 37 395 ·
125 385 214 444 quem
239 362 277 425 ad
302 361 422 424 modum
441 365 475 422 iu
495 363 726 440 interrogatione
747 368 776 424 et
797 363 1011 430 exclamatione
1032 365 1088 430 boe
1107 369 1194 433 iere.

123 453 191 512 lieri
213 450 298 510 solet.
340 445 402 508 Sed
423 449 484 506 iam
520 448 528 464 ¹
572 447 620 506 ula
642 446 801 511 rideamus.

126 567 141 596 .·
207 531 259 594 Ac
277 533 404 609 primum
419 530 537 606 quidem
575 550 629 615 ρα,
648 531 727 606 quod
741 521 787 592 est
798 538 901 592 namra
912 553 965 594 una
977 534 1052 596 lllnd
1064 537 1170 600 lortius

122 622 227 696 ipim,
256 625 428 691 usurpatum
455 623 501 676 eat
527 617 559 674 in
578 617 703 692 simplici
724 617 972 696 interrogatione,
998 620 1050 678 nbi
1070 621 1170 696 aliqua

122 723 174 778 re,
205 720 283 777 queo
312 701 519 776 praecesserit,
547 701 619 758 moti
649 697 704 759 hoc
729 699 815 760 modo
843 702 939 775 ipsam
965 704 1170 782 interrogatim

122 805 193 846 nana
220 793 353 844 nostram
378 783 560 846 stabilimus
592 803 768 858 quamquam
797 787 830 843 in
851 782 973 845 buinace
995 787 1076 847 modi
1096 789 1169 850 locis

126 867 233 929 Graeci
259 870 320 943 ipsi
344 887 405 926 non
428 867 491 926 lere
513 866 549 925 de
571 869 667 941 prima
691 869 772 926 rucis
796 867 1011 942 significatione
1030 870 1169 934 uidentur
1220 929 1225 935 .

125 953 314 1029 cogitavisse,
336 951 388 1011 sed
408 951 577 1027 particulam
598 953 682 1026 quasi
701 953 733 1010 ri
752 971 803 1012 sua
825 953 1063 1029 interrogativum
1084 977 1169 1022 uur-

123 1037 245 1116 pabaut,
266 1035 359 1099 relmi
383 1035 415 1094 in
439 1035 585 1110 principio
604 1037 766 1112 Autipouoe
787 1033 943 1113 Sophoclis
963 1035 1084 1100 dicitur:

283 1153 441 1252 'placandae
461 1160 637 1254 αὐτάδελφον
652 1159 779 1237 Ἰσμήνης
798 1159 880 1236 arripe,

217 1257 223 1266 ·
290 1253 326 1306 up
357 1229 427 1288 οἷσθ’
448 1230 473 1298 ὅ,
493 1253 518 1288 rc
535 1240 607 1295 Ζευς
627 1237 681 1289 τῶν
700 1231 751 1288 ἀπ’
774 1235 893 1291 oretum
910 1239 1012 1307 κακῶν,

290 1299 391 1358 ὁποῖον
408 1300 471 1373 οὐχὶ
489 1300 547 1372 uuir
562 1304 602 1358 ἔτι
618 1298 719 1366 ζώσαιν
737 1305 825 1370 ratri,-

121 1432 155 1489 in
176 1425 282 1502 qulbus
299 1425 399 1486 uerbis
414 1427 471 1486 etsi
485 1412 551 1510 ἄρα
563 1431 683 1501 proprie
701 1423 737 1484 ad
753 1434 937 1502 praesentem
951 1447 1050 1490 rernm
1065 1437 1169 1492 statum

121 1513 269 1586 respicere
288 1528 345 1569 nos
365 1508 456 1584 iubat,
476 1511 509 1567 in
529 1529 587 1584 quo
603 1529 735 1571 mursam
749 1509 900 1569 uideamur
912 1513 1058 1590 iuvenire,
1080 1535 1169 1590 quam

121 1597 161 1656 ob
182 1614 246 1654 rem
265 1595 309 1652 ita
324 1593 549 1670 interrogemus,
572 1601 603 1651 ut
620 1595 659 1654 sit
674 1595 807 1669 proprier
829 1593 925 1652 &bue
938 1599 982 1654 tto
996 1604 1169 1674 cosnporutie

120 1675 223 1740 nosti?
244 1685 340 1736 tannen
359 1675 434 1736 illud
455 1665 523 1761 ἆρα
543 1675 712 1752 quotidiano
734 1696 790 1734 usn
810 1675 925 1735 ridetur
940 1679 1033 1752 ipsam
1046 1682 1107 1738 vim
1121 1683 1168 1740 in·

121 1762 330 1834 terrogatiuuis
350 1762 514 1835 accepisse,
537 1761 600 1820 eius
621 1778 730 1836 nempe
747 1761 1003 1838 interrogationis,
1031 1783 1107 1840 quae
1128 1785 1168 1828 ex

120 1847 273 1923 praesenti
300 1865 399 1904 rerum
427 1851 503 1906 statu
528 1845 654 1904 eveniat.
693 1840 737 1903 lta
762 1843 952 1921 factumest,
982 1854 1015 1904 ut
1035 1865 1062 1907 e.
1084 1868 1113 1924 g.
1134 1851 1168 1910 in

119 1931 285 1989 mansis
306 1926 457 2005 Euripidis
485 1948 514 1992 r·
537 1929 609 1990 435·
637 1926 696 1992 alia
725 1928 813 1989 etiam
838 1929 982 2008 particula
1004 1931 1168 1998 conclusiva

120 2014 294 2076 ammorii:

263 2189 272 2196 .
298 2129 360 2218 'Ap'
380 2139 503 2212 εὐτυχεῖς
518 2129 570 2200 οὖν
586 2147 644 2204 τοῖς
659 2140 770 2214 γάμοις,
787 2135 805 2209 ἦ
822 2143 981 2214 deosculata,-

120 2269 173 2329 nbl
204 2268 339 2343 macaris
373 2265 460 2326 etiam
492 2252 546 2350 dp'
582 2257 728 2344 εῧτυχεΐς
759 2263 884 2344 quodam
917 2263 1003 2326 modo
1038 2267 1167 2345 aliquam

120 2353 379 2412 ratiocinationem
395 2350 571 2424 contineret,
598 2355 695 2407 nmen
716 2351 786 2424 quia
806 2352 893 2411 istam
913 2353 1166 2414 ratiocinationem

120 2437 216 2510 magia
228 2435 323 2496 voluit
334 2431 432 2492 efferri
443 2429 612 2508 Euripides,
624 2431 729 2492 adiecit
741 2433 912 2508 particulam
927 2423 995 2513 οὖν,
1007 2435 1085 2511 qnod
1099 2427 1166 2522 ἆρα

119 2522 188 2594 ipen
210 2539 267 2578 usu
286 2519 347 2577 ium
371 2536 449 2600 pene
471 2517 607 2576 amlserat
628 2519 688 2576 rim
712 2519 952 2579 ratiocinationis.
994 2518 1099 2594 Atque
1124 2526 1166 2581 ita
1206 2539 1212 2544 ·

119 2604 229 2663 fectum
249 2609 310 2676 eet,
339 2608 371 2659 ut
391 2603 478 2660 etiam
501 2589 584 2682 ἔρα,
606 2598 685 2672 quod
706 2601 742 2659 ab
764 2601 866 2660 eadem
885 2601 983 2660 radico
1002 2604 1166 2676 proiectura

120 2695 177 2763 eet,
198 2687 232 2745 iu
251 2705 287 2745 ea
303 2685 533 2763 interrogatione
553 2690 723 2758 poneretur,
743 2683 836 2742 ueluti
854 2684 934 2758 quod
952 2684 1030 2759 apud
1047 2683 1165 2748 Aristo·

119 2767 251 2847 pbaneuu
274 2771 413 2844 scriptum
432 2768 542 2842 legitur
563 2767 693 2824 nuncin
714 2765 789 2824 Nob.
811 2785 841 2826 r.
863 2768 926 2826 464
947 2787 992 2842 sq.

423 2869 493 2964 ’ᾼρά
510 2897 544 2950 γε
560 2876 634 2936 τοῦτ’
655 2871 701 2954 ἄρ’
723 2872 778 2948 lyci
795 2875 859 2934 ποτ’

433 2959 558 3021 οψομαι,·
698 2957 703 2962 “

120 3077 182 3134 qno
207 3053 330 3116 deloco
354 3074 444 3131 supra
465 3075 497 3128 p.
524 3057 593 3114 129.
617 3053 675 3113 ulia
696 3052 732 3114 de
753 3073 854 3116 causes
877 3056 1054 3131 explicatum
1076 3065 1131 3118 est.
1168 3066 1170 3074 '

205 3137 296 3222 Quod
316 3148 413 3200 autem
436 3136 621 3213 Hartuugius
646 3139 667 3195 l.
688 3137 709 3194 l.
731 3139 789 3197 vol.
811 3136 834 3196 l.
856 3159 888 3213 p.
909 3141 981 3198 452.
1002 3139 1078 3198 banc
1097 3160 1164 3215 per-

121 3222 241 3281 ticulam
259 3225 301 3282 ita
323 3223 441 3297 dirisit‘,
461 3229 494 3280 ut
514 3225 641 3296 primum
661 3223 802 3280 incertum
825 3219 912 3297 illud,
932 3224 965 3281 in
987 3242 1046 3296 quo
1064 3241 1165 3283 versa·
1227 3223 1229 3230 ‘

121 3325 235 3380 remur,
261 3313 310 3366 aut
332 3305 451 3366 dubium
476 3314 526 3365 aut
547 3307 732 3380 ambiguum,
755 3299 861 3363 deinde
880 3307 1082 3382 mirationem,
1106 3325 1165 3381 qua

124 3386 198 3463 quid
227 3400 342 3464 praeter
372 3391 620 3465 exspectationem
651 3389 759 3447 sactum
790 3390 1005 3467 acciperemus,
1037 3390 1165 3466 deniqne

121 3470 333 3533 dubitationem
360 3493 416 3548 per
443 3492 508 3533 eam
538 3473 711 3548 particulam
741 3472 883 3532 declarari
912 3473 1037 3551 diceret,
1064 3475 1097 3534 id
1124 3477 1165 3534 ita

120 3575 229 3630 rerum
258 3567 318 3633 est,
350 3560 490 3632 quoniam
521 3560 648 3633 pertinet
678 3557 716 3615 ad
746 3577 863 3617 ornnem
893 3561 1165 3634 interrogationem,

120 3639 203 3699 nullo
223 3638 309 3700 ruodo
330 3643 459 3716 pertinet
479 3641 516 3701 ad
536 3645 631 3716 ipsam
648 3644 709 3700 rim
727 3643 887 3717 particulae
908 3633 984 3725 ἆρα,
1005 3661 1093 3716 quam
1113 3661 1165 3714 po-

119 3733 227 3786 stremo
256 3723 374 3810 taudem
390 3725 469 3788 ,loco
494 3733 571 3784 recte
598 3727 664 3800 ipse
690 3744 806 3798 quoque
826 3722 1012 3799 Hartuugins
1033 3723 1164 3798 agnouit,

121 3809 191 3882 quia
215 3809 467 3868 ratiocinationem
486 3811 520 3866 iu
541 3827 576 3868 ea
599 3809 741 3866 contineri
765 3807 850 3866 dixit.

205 3889 294 3970 Quod
317 3911 408 3968 quom
430 3893 472 3948 ita
492 3891 545 3964 sit,
574 3889 741 3948 debebimus
761 3891 858 3962 potius
880 3888 917 3946 ab
936 3887 1002 3947 istis
1025 3887 1095 3946 locis
1117 3889 1163 3947 in-

119 3967 228 4050 cipere,
244 3978 278 4036 in
296 3979 403 4050 quibus
419 3975 466 4036 ris
483 3975 539 4032 iste
553 3973 783 4031 ratiocinationis
796 3973 891 4046 magis
906 3979 1054 4046 appareat,
1070 3971 1163 4033 veluti

119 4059 158 4119 ab
184 4057 239 4122 illc
259 4055 443 4139 Thucydidis
472 4056 554 4138 loco,
583 4057 636 4132 qui
663 4059 817 4131 usurpatus
844 4061 887 4115 est
913 4075 930 4116 a
959 4058 1162 4134 grammaticis,
