3012 4580
433 1321 997 1437 Praefatio

610 1739 814 1756 -nn—-u——n

195 2021 327 2152 Ante
361 2069 432 2145 hos
461 2075 547 2144 octo
573 2063 1033 2167 annos‘qucm·lih1·arius
1052 2059 1234 2152 honestis-

195 2213 325 2264 sumus
350 2188 522 2263 Lexieon
537 2189 695 2262 Homeri
721 2196 761 2260 et
781 2187 937 2264 Pindari
950 2191 1234 2287 flammineum,

197 2305 335 2392 Seberi
377 2299 544 2380 indicem
582 2306 742 2378 Homeri
786 2305 955 2404 aliosque
987 2307 1135 2404 libros5
1170 2310 1238 2410 qui
1298 2399 1307 2414 ⁶
1354 2353 1358 2360 ·

197 2423 297 2499 bona
322 2423 564 2520 antiquarum
588 2411 801 2497 litterarum
826 2423 1044 2500 adiumenta
1069 2429 1239 2504 contiue-
1355 2397 1364 2432 χ

196 2551 300 2634 rent,
326 2543 452 2622 denuo
477 2539 630 2638 volgare
655 2540 932 2634 constituisset,
958 2543 1149 2616 edendum
1166 2569 1238 2642 ego
1284 2579 1288 2594 ·

197 2671 441 2759 susceperam
454 2657 707 2742 utilissumum
717 2653 900 2728 Matthaei
913 2658 1068 2732 Devarii
1085 2661 1239 2752 librum,

200 2801 276 2874 quo
314 2777 348 2850 is
387 2799 543 2851 omnem
579 2771 851 2872 particularum
885 2771 1072 2849 Graecae
1086 2775 1238 2875 liuguae
1350 2777 1359 2784 “

199 2894 411 2970 doctrinam
452 2893 606 2992 copiose
648 2892 836 2988 docteque
876 2901 1097 2991 persecutus
1137 2899 1241 2967 erat.
1311 2987 1317 2998 ·

197 3009 245 3085 ld
277 3011 467 3085 faciebam
500 3034 548 3084 eo
572 3009 747 3130 consilio,
785 3017 826 3083 ut
851 3035 970 3108 quom
992 3011 1133 3109 etipse
1159 3011 1239 3084 De-
1332 3025 1336 3030 ·

198 3113 296 3202 varii
319 3127 532 3202 institutum
554 3147 626 3224 pro
647 3145 694 3196 co
719 3132 912 3220 tempore,
940 3150 1017 3223 quo
1043 3128 1135 3202 olim
1154 3133 1242 3206 'erat
1265 3159 1268 3168 ’
1319 3135 1330 3148 “

131 3335 135 3348 „
199 3253 433 3340 anteceptam,
454 3245 566 3341 plane
582 3241 780 3344 egregium
798 3243 1057 3340 cognovissem
1076 3252 1116 3318 et
1133 3227 1240 3319 idem

202 3357 252 3429 ab
286 3359 370 3431 aliis
401 3360 562 3432 iudicari
586 3357 878 3469 intellexissem,
911 3359 1098 3473 aquibus
1124 3347 1240 3437 etiam

201 3481 330 3550 nostm
354 3483 528 3574 tempore
553 3478 687 3552 scdulo
707 3499 797 3579 cerm
821 3477 964 3572 librum
984 3481 1162 3579 mereari
1181 3479 1241 3556 vi·

59 3661 62 3666 .
123 3685 125 3695 ¹
203 3591 364 3686 ceren,
395 3617 441 3668 eo
466 3617 537 3696 ego
562 3597 663 3672 libro
689 3596 797 3692 quasi
818 3592 1073 3672 frmdamento
1098 3599 1283 3691 uterer,''

142 3800 144 3808 Ι
201 3709 251 3782 iu.
267 3733 344 3806 quo
367 3711 484 3786 etiam
507 3713 591 3808 iila,
617 3737 715 3812 quae
738 3720 824 3812 post
846 3703 1043 3788 auctorem
1067 3723 1241 3793 nostrum
1351 3709 1353 3719 ’

202 3825 244 3901 in
276 3827 351 3903 hoc
385 3850 528 3930 genere
558 3831 772 3906 litterarum
805 3829 906 3906 docti
930 3832 1105 3906 homiues
1131 3857 1238 3932 prae·

203 3944 408 4041 stitissent,
445 3953 550 4021 reete
581 3954 694 4044 atque
724 3945 858 4018 ordine
879 3947 1120 4046 reponerem
1177 3950 1241 4025 Sic
1306 4003 1311 4008 -
1353 3975 1358 3982 ·
1442 3995 1446 4014 ·
