2980 4574
200 419 303 484 Ὁπότε.

185 586 312 653 ‘Oritur-

348 253 419 324 989
660 245 844 330 ὁπότε,
877 244 1072 319 ὁπόταν.

431 422 480 484 De
506 415 610 490 ὁπότε
638 423 796 500 particula,
824 442 900 499 quae
921 443 982 482 nou
1006 419 1105 483 differt
1131 423 1168 485 ab
1195 417 1254 488 ὅτε
1282 425 1359 485 nisi
1397 430 1434 486 ri

349 511 538 586 correlative,
559 511 628 573 ride
648 505 706 572 lira
725 509 908 585 particulam.
941 505 946 516 ’

427 587 577 657 Ὁπόταν
603 595 744 672 particula
773 594 895 653 eandem
918 595 1160 652 constructionem
1183 593 1288 668 recipit
1316 615 1431 668 quarn

351 672 433 741 όταν
458 686 487 738 ct
516 673 573 742 εὰν
599 680 777 756 particulae,
806 683 906 753 itaque
934 676 970 736 de
990 680 1130 736 universo
1152 680 1215 737 eiua
1234 673 1429 751 particulae

349 784 405 822 usn
432 766 593 838 comparari
620 785 653 824 ea
680 771 820 840 possunt,
850 783 925 837 qnae
953 782 1058 844 snpra
1070 765 1102 820 iu
1126 757 1181 824 ἐὰν
1202 763 1366 836 particule
1393 787 1427 839 p.

350 849 411 906 451
441 869 510 924 sqq.
543 849 692 923 explicata
722 857 799 908 aunt.
848 845 959 906 Ponam
990 837 1080 925 igitur
1108 844 1164 906 boo
1191 845 1253 906 locu
1286 856 1424 906 tanturn

349 931 509 1006 medusa,
542 954 616 1008 quae
635 933 796 1006 singularia
817 941 899 1006 sunt,
931 941 961 990 ut
984 931 1204 992 confirmatione
1227 933 1421 991 etiamnunc

232 1037 235 1047 ’
349 1036 437 1092 egere
463 1017 624 1078 rideantur.
677 1016 713 1076 lu
743 1017 795 1077 bis'
816 1015 890 1076 illud
912 1025 974 1091 est,
1008 1017 1088 1090 quod
1116 1035 1205 1090 supra
1225 1014 1312 1076 dixia
1348 1039 1419 1078 non

350 1103 446 1160 miuus
466 1121 553 1176 quam
576 1098 632 1166 ἐὰν
651 1102 836 1176 particulam,
858 1101 893 1161 de
914 1121 971 1176 qua
989 1102 1056 1160 vido
1077 1121 1110 1175 p.
1126 1103 1188 1159 458
1206 1120 1287 1176 σαψ,
1310 1106 1417 1162 etiam

230 1191 241 1216 ‘
351 1179 433 1248 όταν
466 1195 496 1244 et
526 1178 655 1248 ὁπόταν
685 1189 756 1260 poni
787 1206 851 1247 cum
884 1187 1027 1262 optativo,
1057 1187 1082 1244 si
1108 1185 1138 1242 id
1168 1185 1246 1258 quod
1274 1189 1417 1260 ponitur

352 1272 437 1342 quasi
467 1290 506 1328 ex
533 1271 652 1329 alterius
677 1269 804 1329 bominis
827 1273 1001 1345 cogitatione
1023 1270 1141 1327 dicatur.
1185 1266 1220 1326 lu
1245 1289 1312 1327 earn
1341 1292 1411 1330 rem

330 1352 388 1424 vde
416 1355 557 1428 particula
587 1347 714 1418 ὁπόταν
736 1357 794 1413 iarn
815 1356 925 1429 aliquot
946 1355 1026 1413 locos
1047 1352 1192 1428 adieram,
1220 1359 1411 1427 praesertim

352 1458 416 1496 cum
443 1441 643 1512 receptissumi
673 1440 765 1498 critici
794 1442 881 1499 etiam
905 1459 983 1498 nuuc
1003 1439 1039 1498 de
1063 1458 1098 1498 eo
1120 1458 1173 1498 usu
1194 1437 1335 1498 dubitare
1363 1444 1411 1500 vi·

352 1521 482 1582 deantur.
525 1523 573 1583 Ac
603 1527 728 1600 primum
761 1525 879 1599 quidem
911 1519 994 1582 Plato
1023 1523 1140 1586 ridetur
1170 1521 1330 1595 aliquoties
1371 1545 1408 1582 ea

351 1611 564 1669 constructione
587 1629 656 1668 usus
678 1629 760 1683 esse,
782 1610 871 1668 veluti
893 1611 924 1667 iu
947 1609 1080 1668 Goaoloio
1105 1603 1184 1664 Part.
1204 1603 1245 1664 ll.
1270 1605 1334 1665 vol.
1361 1605 1407 1668 ll.

348 1713 380 1768 p.
404 1697 485 1768 461,
511 1699 560 1754 18.
583 1694 629 1752 ed.
651 1691 750 1752 Bell.
771 1715 798 1770 p.
822 1697 892 1750 219.
915 1689 953 1750 Ε.
974 1691 1020 1752 ed.
1042 1689 1082 1750 Η.
1106 1689 1209 1766 Stepb.
1231 1693 1284 1764 qui
1306 1689 1406 1751 babe-

351 1785 399 1834 tur
420 1737 518 1852 locale,
540 1779 566 1836 is
589 1779 629 1835 ila
652 1777 821 1838 scribendus
844 1796 905 1836 esse
925 1775 1040 1836 ridetur
1058 1797 1074 1836 e
1095 1775 1178 1834 libris
1200 1784 1313 1834 tautum
1336 1799 1402 1836 nou

351 1862 498 1926 omnibus:
516 1859 676 1964 Πρῶτον
704 1856 766 1939 μὲν
793 1849 850 1923 οὖν
878 1863 948 1960 τοῖς
970 1855 1115 1960 ’ςπόνοις
1119 1881 1158 1922 ου
1147 1849 1330 1959 ’μόνον’
1313 1863 1400 1940 apori

350 1943 484 2043 περιίν,
508 1935 591 2008 ἄλλα
614 1965 670 2006 ναι
690 1945 755 2006 τῶν
778 1933 922 2006 ἄλλοννὸ
906 1937 1077 2008 απάντων·
1099 1933 1228 2006 ὁπόταν
1250 1933 1397 2044 ἀναγκα-

349 2023 448 2126 ullar'q
450 2048 509 2102 μεν
542 2017 835 2129 ἀπολειφθέντες
837 2048 917 2099 που,
949 2017 1005 2090 οἷα
991 2021 1078 2130 ὀρ
1111 2021 1169 2090 ἐπί
1202 2024 1391 2127 στρατείας,

349 2099 490 2184 derceio,
520 2099 659 2174 οἶόίν’
642 2131 726 2194 pour
753 2103 786 2174 oi
815 2073 917 2174 ἄλλοι
936 2105 1022 2202 πρός
1043 2132 1080 2172 το
1105 2115 1305 2212 καρτερεῖν,
1331 2133 1389 2184 quo

348 2195 380 2254 in
406 2193 469 2253 loco
498 2195 608 2270 optumi
635 2195 704 2254 libri
726 2216 807 2270 eam,
836 2216 924 2270 quam
946 2197 1242 2295 repraesentavimus,
1266 2197 1384 2300 scriptu-

349 2300 410 2336 ram
434 2289 561 2356 tuentur,
582 2282 642 2338 nisi
664 2281 742 2356 quod
764 2279 922 2339 deteriores
943 2279 1061 2354 quidam
1082 2269 1188 2337 libri
1171 2271 1275 2342 οπότ’
1295 2271 1389 2360 ἀναγ-

286 2369 298 2376 “
349 2359 554 2452 καοθείρμεν
583 2363 726 2440 offerunt,
763 2367 830 2465 qnia
864 2356 993 2436 ὁπόταν
1027 2373 1167 2438 sequente
1204 2363 1245 2426 ἴαν
1276 2365 1389 2440 syllaba

347 2445 435 2506 facile
464 2457 597 2507 extrema
627 2458 710 2524 parte
737 2450 848 2524 privari
875 2451 976 2522 potuit.
1020 2447 1124 2524 Neque
1149 2451 1229 2508 euim
1252 2459 1389 2522 opuscul

348 2552 384 2589 eo
406 2532 470 2591 loco
493 2533 570 2610 γοῦν
591 2533 743 2608 particula,
766 2553 853 2608 quam
876 2533 943 2592 libri
965 2553 1023 2592 non
1047 2531 1168 2605 babent,
1191 2533 1243 2594 sed
1264 2533 1390 2610 asynde·

349 2623 400 2680 tou
427 2619 499 2676 eatis
525 2620 660 2677 convenit
686 2619 750 2677 istis
782 2619 896 2690 verbis,
929 2637 1004 2691 quae
1029 2617 1103 2676 nibil
1131 2617 1210 2676 aliud
1235 2621 1388 2689 continent,

348 2701 408 2758 nisi
430 2701 626 2761 antecedentia
649 2703 790 2760 enuntiati
812 2700 1050 2775 explicationem.
1096 2705 1206 2760 'liniaci
1227 2701 1289 2760 loco
1311 2700 1386 2760 Part.

347 2780 404 2844 lll.
433 2785 494 2844 rol.
516 2782 555 2846 ll.
578 2808 607 2861 p.
631 2791 686 2861 39,
713 2793 761 2850 12.
784 2785 830 2844 ed.
853 2783 949 2843 Bekk.
972 2807 1002 2860 p.
1028 2789 1075 2843 39.
1100 2781 1132 2842 G.
1156 2784 1203 2846 ed.
1226 2781 1266 2842 H.
1287 2783 1386 2860 steph.

347 2889 407 2926 non
439 2877 505 2926 utar
536 2867 591 2926 boc
622 2870 702 2942 loco,
734 2868 813 2942 qnod
838 2869 966 2941 plurumi
997 2869 1065 2928 libri
1094 2871 1153 2926 iam
1175 2871 1385 2944 oouiuuctirum
1460 2921 1461 2929 ,

347 2950 524 3013 obtulerunt.
568 2949 627 3012 Sed
654 2951 781 3010 conferri
807 2955 913 3026 poterit
942 2955 993 3028 qui
1014 2950 1132 3012 Platoni
1155 2953 1290 3010 tribuitur
1309 2937 1386 3012 Atet-

347 3033 501 3102 biudcsll.
533 3032 608 3094 Part.
630 3033 654 3096 l.
683 3035 742 3094 rol.
767 3033 807 3094 ll.
835 3060 865 3113 p.
888 3042 968 3112 287,
999 3045 1050 3096 22.
1073 3037 1118 3098 ed.
1142 3033 1241 3095 Bell.
1260 3057 1296 3134 p.
1315 3043 1382 3100 146.
1459 3031 1460 3057 ¹

347 3117 389 3177 A.
410 3117 456 3177 ed.
481 3116 521 3176 ll.
545 3117 648 3194 Steph.
701 3115 810 3202 Φαίης
839 3142 875 3202 γε
903 3113 958 3218 ᾇν,
986 3110 1096 3218 οἶμαι,
1124 3112 1296 3222 όντόταν’
1280 3115 1383 3222 ορῴρς
1458 3157 1459 3185 t

350 3198 407 3265 ίίνα
437 3198 574 3266 ἕκαστον
601 3197 710 3268 αὐτῶν
738 3198 1016 3306 φιλοτιμούμενόν
1049 3225 1084 3266 τε
1113 3201 1168 3266 καί
1191 3200 1327 3280 νέμοντα
1348 3201 1380 3266 τό
1457 3283 1458 3286 ¹

350 3283 510 3349 πλεῖστον
537 3290 597 3370 τῆς
627 3285 801 3363 πολιτείας
827 3281 934 3372 τούτῳ
956 3283 1059 3367 μέρος
1081 3281 1167 3363 aab,
1195 3307 1254 3360 quo
1275 3290 1303 3345 in
1325 3289 1379 3346 loco
1457 3291 1458 3315 ¹

325 3371 458 3428 'nullam
487 3316 576 3431 ridcd
593 3373 733 3432 librorum
754 3344 978 3446 discrepantiam
1000 3381 1144 3430 enotatam
1165 3393 1182 3429 a
1207 3373 1287 3430 libris
1308 3393 1376 3444 mss,

350 3475 425 3528 quae
452 3477 499 3515 me
518 3459 655 3531 impedit,
684 3459 839 3530 qaornious
859 3457 915 3515 huc
936 3457 1062 3516 reseram
1088 3477 1126 3520 ex
1150 3455 1253 3514 eodem
1275 3457 1371 3528 dialogo
1455 3489 1456 3571 q

348 3559 378 3622 p.
400 3545 481 3614 293,
513 3545 542 3599 9.
564 3541 609 3599 ed.
631 3539 730 3600 Bell.
752 3563 780 3616 p.
808 3543 876 3601 148.
900 3540 939 3598 D.
963 3541 1007 3598 ed.
1031 3537 1069 3602 H.
1093 3537 1195 3614 Stepb.
1224 3529 1269 3614 ὡς
1286 3534 1371 3618 'tri

348 3619 533 3698 ναίοιςκαὶ
551 3619 845 3726 Anxwadorporiorg
847 3622 1059 3724 όιαφορᾶςρ
1060 3619 1373 3725 ενομίνρςξρνίβ-αι

347 3729 399 3772 τεν
427 3701 480 3770 αεὶ
507 3710 547 3792 cip
576 3701 675 3770 πόίει
708 3702 798 3806 ημῶν
826 3701 910 3768 ὥστε
939 3705 994 3769 καὶ
1024 3705 1107 3770 κατὰ
1136 3707 1193 3790 γῆν
1223 3703 1279 3770 καί
1305 3699 1374 3768 ruod
1452 3725 1454 3829 ρ

346 3786 532 3860 &dimersos
566 3783 695 3853 όπόιαι
726 3783 814 3873 αόχη
843 3787 984 3872 ρίν.οιτο
1015 3753 1182 3868 δυστυχεῖν
1214 3786 1377 3870 καὶμνόὲ·

346 3895 430 3938 ποτε
452 3871 617 3942 δυνασόαν
623 3877 822 3972 apellitur..
850 3877 925 3951 quod
950 3879 990 3934 ibi
1016 3887 1149 3950 quattuor
1171 3873 1376 3953 lle'llcrilibri
1450 3833 1453 3957 l

344 3951 450 4022 ὁπότε
479 3981 534 4034 pru
563 3954 692 4022 ὁπόταν
719 3925 851 4020 eilerunt.
895 3959 954 4020 Sed
983 3961 1107 4019 conferri
1138 3971 1270 4034 poterunt
1300 3977 1376 4032 porro

344 4040 376 4100 bi
405 4041 615 4118 Xenophontis
648 4045 703 4104 loci
736 4045 772 4102 da
805 4047 1023 4122 Discipliuoa
994 4047 1058 4142 Ορτὶ
1084 4045 1134 4103 lib
1160 4041 1244 4102 Vlll.
1273 4061 1329 4117 cap.
1348 4043 1376 4100 l.

346 4123 372 4206 l·
395 4128 447 4186 ⁴⁴·
479 4124 546 4196 Καί
568 4124 630 4209 γὰρ
653 4121 783 4190 ὁπόταν
806 4125 973 4192 ἕλ’·αινοιεν
994 4125 1035 4189 τὰ
1058 4123 1164 4211 θηρία
1183 4129 1254 4200 τοῖς
1268 4119 1377 4189 inuri·
