3016 4580
255 263 260 272 .
314 193 382 264 248
434 211 442 217 ‘
789 191 883 287 peip.

314 363 474 444 perticuie'e
498 361 557 449 pe·
586 363 701 454 ltaque·
719 366 838 446 proprie
865 363 921 428 iroa
945 363 1066 428 diciturr
1103 371 1143 432 Ut
1164 371 1289 451 reduces
1311 395 1362 436 ree
1387 356 1391 364 ¹

316 449 463 521 omittam,
491 451 543 512 ooo
562 461 634 514 cese
653 453 747 524 dicos,
776 455 840 530 quis
859 451 941 511 sebna
962 456 1005 512 ito
1026 459 1196 530 comparatos
1219 461 1358 534 (nempe,

315 542 348 592 ut
369 543 399 592 tn
419 534 457 593 ed
472 555 522 595 me
541 538 677 608 veneris)
700 536 814 596 moram
834 543 862 594 te
877 532 1091 596 uaticinantium
1104 537 1232 598 armarit?
1266 541 1357 622 Quod

315 619 341 676 si
371 619 438 692 quis
464 620 635 696 simpliciter
662 639 716 694 per
739 617 848 677 Letiaa
874 619 979 678 verbe:
1008 623 1071 695 quie
1096 625 1200 697 ipitor,
1229 633 1279 682 aut
1301 647 1356 686 suo

314 700 379 762 ioco
400 703 508 761 etiams
525 708 670 782 pennam,
692 701 867 778 reddiderit,
887 705 915 762 is
937 703 1077 762 arbitratu
1096 723 1163 763 meo
1186 712 1358 768 sententiam

316 783 435 862 quidem
460 784 639 846 Graecorum
662 779 818 848 ierborum
839 785 1013 861 reddiderit,
1039 788 1098 846 vim
1122 789 1215 862 ipsam
1234 794 1358 852 interro·

290 871 441 946 'getiouis
466 869 526 927 nou
547 867 635 946 piene
656 872 846 945 expresserit.
888 867 933 929 At
955 880 1050 928 temen
1073 870 1179 929 melius
1197 873 1290 934 reddi
1305 877 1359 935 vix

222 1011 225 1018 ,
314 956 434 1027 poterit.
476 950 522 1013 At
549 953 630 1014 aliud
650 961 746 1012 temen
771 961 815 1012 est
834 961 949 1012 vertere
969 955 1073 1028 uerba,
1099 954 1176 1013 aliud
1201 961 1358 1033 e'xpiicere.

317 1034 503 1116 Quamquam
517 1034 574 1096 hoc
592 1056 652 1097 nou
670 1058 757 1114 nego,
778 1037 904 1110 denique
920 1038 1017 1112 ipsam
1032 1038 1203 1111 particulam
1221 1037 1283 1126 γὰρ
1299 1037 1358 1104 eibi

314 1117 393 1188 nihil
419 1119 501 1180 aliud
522 1119 775 1183 celsinaniis
797 1121 885 1195 locis,
914 1120 972 1180 nisi
1000 1127 1032 1178 ut
1053 1133 1170 1198 urgeret
1186 1126 1248 1182 vim
1265 1125 1359 1186 inter·

196 1219 201 1236 '
315 1206 498 1280 rogationis,
536 1225 590 1264 uec
624 1207 770 1264 existumo
804 1199 931 1262 Graecos
967 1205 1000 1262 iu
1036 1201 1085 1263 his
1118 1205 1191 1266 locis
1223 1208 1287 1268 iere
1320 1208 1358 1270 de

315 1289 411 1361 prime
432 1287 575 1346 formulae
596 1291 712 1363 origine
731 1289 919 1362 cogitavisse,
943 1286 994 1345 sed
1017 1290 1104 1347 tacito
1119 1289 1250 1364 'modam
1270 1313 1358 1353 seusu
1384 1319 1390 1332 ·

316 1369 416 1430 ductos
438 1372 481 1428 ite
502 1377 598 1431 temen
618 1373 728 1431 locutos
748 1391 824 1447 esse,
844 1380 876 1430 ut
895 1370 990 1429 ierem
1012 1371 1141 1446 ediquem
1161 1377 1358 1436 ratiocinatio-

315 1473 384 1512 nem
405 1453 569 1514 efferendee
592 1456 827 1530 interrogationis
849 1473 949 1514 musae
971 1456 1030 1516 sibi
1050 1476 1161 1530 ponere
1181 1458 1357 1522 riderentur.

314 1533 361 1596 lta
376 1540 463 1598 etiem
477 1537 554 1614 apud
565 1535 811 1620 Aristopheuem,
828 1547 861 1597 ut
876 1548 942 1596 uter
953 1537 1063 1598 eisdem
1076 1542 1232 1616 exemplis,
1252 1546 1358 1619 quibos

314 1611 504 1683 Hermauuus
526 1644 593 1684 usne
612 1634 667 1701 est,
687 1625 718 1684 in
739 1623 814 1682 Nub.
836 1641 864 1684 r.
888 1625 960 1681 192.
980 1623 1022 1682 ite
1045 1621 1114 1682 dicit
1134 1621 1348 1702 Strepiiedesr·

493 1756 531 1806 Τί
544 1749 599 1828 γὰρ
616 1755 675 1810 eide
693 1753 807 1826 δρῶσιν,
827 1752 854 1806 ei
871 1746 975 1824 σφόδρ’
997 1748 1193 1824 ἐγκεκυφότεςς

315 1869 396 1947 quod
419 1870 492 1930 elios
518 1871 659 1947 quosdam
686 1871 844 1945 discipulos
870 1868 1000 1930 Socratis
1026 1893 1233 1946 maxumopere
1260 1878 1358 1936 iucur-

314 1962 397 2013 vetos
421 1975 560 2028 quaerere
587 1953 699 2029 aliquid
722 1954 813 2028 vidit,
841 1961 873 2012 ut
898 1963 976 2011 recte
1003 1957 1104 2028 quaeri
1132 1957 1168 2012 ab
1190 1975 1224 2015 eo
1244 1971 1357 2032 possete
1396 2019 1404 2034 x

318 2037 392 2106 Quid
416 2041 503 2113 ipiter
526 2035 586 2096 iticc
610 2033 741 2110 fuciunt?
784 2035 986 2116 Quamquam,
1013 2047 1046 2094 ut
1073 2036 1155 2114 dixi,
1185 2041 1263 2098 istud
1292 2037 1357 2126 γὰρ

314 2121 502 2198 potissumum
530 2119 694 2179 offerendae
716 2121 953 2196 interrogationis
978 2139 1077 2180 caussa
1098 2119 1211 2180 illatum
1235 2133 1295 2200 eat,
1326 2135 1358 2184 ut

313 2213 392 2264 recte
421 2203 504 2264 reddi
535 2205 630 2278 possit
658 2205 760 2266 etiam:
798 2204 940 2274 Quidnam
968 2203 1028 2262 iios
1056 2203 1187 2278 [uetusti
1237 2207 1287 2270 Ao
1311 2212 1358 2271 sic

313 2288 401 2348 ctiam
420 2287 452 2350 in
471 2286 575 2350 eedem
594 2285 694 2346 iebuln
714 2307 744 2348 r.
763 2291 842 2346 201:
856 2285 975 2346 dicitnr:
1009 2325 1010 2328 =

478 2421 554 2492 Πρός
570 2418 626 2472 roiv
641 2419 725 2483 θεῶν,
743 2421 772 2472 rt
786 2413 840 2491 γὰρ
858 2413 916 2472 rdd'
936 2415 1029 2483 ἐστίνς
1047 2419 1110 2472 sind
1123 2437 1191 2490 poe,

313 2525 392 2618 qnod
418 2559 507 2616 quom
533 2537 652 2616 proprie
681 2547 776 2600 esset:
812 2543 868 2599 Por
893 2537 977 2610 daos,
1009 2539 1077 2618 quid
1104 2541 1174 2599 adca
1205 2539 1287 2600 seius
1313 2545 1355 2600 ito

249 2643 253 2654 '
314 2629 487 2703 usurparetis
513 2623 564 2683 ime
592 2619 671 2693 esti,
707 2621 834 2700 denique
864 2632 972 2682 tentum
1002 2622 1167 2682 afferendae
1195 2625 1356 2699 interroge-

314 2707 403 2768 tiouis
430 2727 532 2767 caussa
560 2708 653 2766 oratio
682 2706 723 2766 ite
747 2707 925 2767 conformata
953 2725 1014 2766 esse
1035 2706 1157 2771 uidetur.
1201 2705 1251 2766 Sic
1274 2707 1357 2768 deui-

312 2812 371 2870 que
391 2791 424 2854 in
444 2793 546 2852 eedem
565 2789 666 2848 sebnia
688 2810 719 2852 v.
741 2796 813 2850 219.
837 2791 950 2866 quaerit
975 2787 1175 2876 Strepsiedes:

466 2921 550 2990 Φέρε,
569 2918 609 2976 etr
624 2911 679 2987 γὰρ
697 2903 776 2978 οὗτος
794 2913 862 2972 irini
879 2916 924 2982 τῆς
939 2913 1101 2989 κρεμάθρας
1118 2915 1187 2988 ἀνήρ
1197 2941 1207 2984 ,·

314 3033 392 3114 quod
422 3031 572 3096 Socratem
598 3035 631 3095 in
657 3033 764 3095 lectulo
792 3037 899 3111 pensili
927 3037 1074 3097 sedentem
1102 3039 1187 3110 vidit,
1217 3045 1249 3093 nt
1271 3039 1356 3099 tacita

224 3167 227 3176 .
315 3121 487 3197 cogitatione
514 3121 551 3180 eb
577 3140 612 3179 eo
641 3119 717 3179 fecto
748 3120 889 3196 proficisci
915 3121 951 3178 ad
971 3121 1226 3196 interrogationem
1247 3133 1355 3198 posset,

299 3202 391 3279 'quae
414 3223 450 3264 eo
470 3215 607 3282 augetur,
629 3202 707 3282 quod
726 3205 813 3264 rebus
834 3207 893 3264 iem
911 3206 951 3261 ita
971 3204 1142 3274 comparetis
1165 3205 1356 3276 potissumum

313 3285 372 3346 iroo
396 3285 496 3347 andire
520 3287 598 3365 voit,
625 3291 745 3364 (potierit
765 3287 813 3345 itta
833 3291 878 3346 uir
898 3290 929 3344 io
950 3283 1083 3342 nrochiuo
1101 3286 1211 3360 pensili.
1253 3284 1356 3364 Itaque

313 3365 370 3429 heo
391 3369 533 3444 particule
553 3368 657 3430 Graeci
682 3369 798 3445 quidem
820 3371 906 3438 etiem
929 3369 972 3428 ibi
987 3367 1034 3448 ⁴uti
1054 3366 1203 3446 solebant,
1231 3374 1280 3431 ubi
1303 3393 1356 3448 per

314 3472 347 3511 se
376 3453 505 3512 minume
535 3452 681 3511 videretur
709 3473 755 3511 ree
781 3453 818 3511 ed
845 3453 930 3510 eiiam
962 3470 1022 3510 rem
1050 3453 1173 3530 referri,
1204 3455 1293 3514 ueluti
1322 3460 1357 3516 in

315 3529 467 3616 Euripidis
489 3535 592 3594 Medea
613 3554 643 3594 r.
666 3539 758 3612 689„
784 3535 835 3596 nbi
859 3534 895 3594 dc
926 3534 992 3594 eliis
1020 3535 1106 3597 rebus
1132 3557 1228 3601 sermo
1249 3539 1355 3614 fuerat,
1397 3567 1402 3578 ·

316 3609 489 3696 dixeratque
508 3615 634 3682 Medee:

223 3837 231 3846 „
544 3761 611 3819 ’Ait'
630 3761 778 3834 εὖιυχοίης,
796 3763 844 3818 roi
861 3759 952 3836 τύχοις
968 3763 1043 3822 tono
1058 3767 1131 3842 ἐρᾷς.

316 3861 394 3984 ens
412 3904 471 3970 eac
488 3903 569 3970 aas
587 3905 668 3982 eos
688 3899 810 3982 mm
830 3905 871 3966 a·
889 3857 1035 3981 equina
1100 3917 1104 3922 ·

514 4056 550 4106 rt
565 4049 620 4126 γὰρ
637 4049 688 4110 σὸν
704 4045 783 4122 ὄμμα
797 4047 874 4124 χρώς
891 4069 917 4110 rs
936 4047 1077 4122 nonem*
1098 4047 1164 4114 ider
