3012 4580
348 223 414 293 992
538 235 541 250 '
662 219 1080 306 yt,ptcor‚poos.

350 413 405 460 sno
427 393 490 453 loco
508 413 567 452 nnn
585 395 730 469 posuisse,
751 411 839 466 quom
859 387 1035 452 recentiores
1056 389 1301 466 matronalem,
1321 392 1401 468 qn'ee

350 483 460 539 rariora
479 487 584 552 essent,
603 481 772 553 conquirere
793 495 826 534 ac
845 477 1032 552 frequentare
1049 477 1191 536 solerent:
1213 476 1400 552 eandemque

348 581 481 622 caussam
507 581 571 621 esse
593 561 679 620 lmine
702 561 855 620 locutionis
878 578 966 635 quam
989 559 1143 634 multarum
1167 561 1197 619 id
1219 555 1311 638 genus
1335 563 1399 620 lor·

350 647 506 706 molarum.
556 643 602 706 De
632 646 842 704 recentioribus
869 651 964 703 antem
992 643 1195 721 conferantur,
1230 665 1304 721 quos
1332 647 1399 721 ipse

350 729 391 789 G.
426 729 598 788 Diodoriins
631 730 652 789 l.
683 728 704 786 l.
740 750 769 804 p.
803 732 875 787 537.
906 725 950 787 A.
982 724 1021 787 Β.
1054 731 1213 804 excitarit,
1249 728 1398 788 Geleunm

351 815 412 875 rol.
432 812 486 873 lll.
506 835 538 889 p.
559 819 631 872 29³.
660 807 772 875 Ὅπου
799 808 863 916 γὰρ
891 845 933 858 -
962 846 1001 856 -
1028 807 1066 874 τὸ
1087 809 1211 892 μετάξὺ
1234 813 1301 875 πᾶν
1323 809 1399 877 ἐπί·
1489 837 1490 848 ’

353 897 456 974 doneg-
472 887 509 982 ᾖ,
538 897 612 972 πῶς
638 916 676 977 ys
705 913 943 979 numennumen
970 885 1011 956 tto
1035 915 1086 969 τις
1107 887 1171 966 uni.
1200 896 1235 955 ol.
1257 919 1288 972 p.
1310 901 1400 973 208,
1489 903 1490 910 ’

352 983 402 1040 nbi
425 986 494 1045 ποῦ
514 971 544 1060 γ’
569 971 787 1055 inlegentur,
809 988 839 1038 et
860 976 1047 1038 Athenaeum
1068 979 1120 1039 lib.
1140 976 1184 1038 X.
1207 1001 1236 1055 p.
1258 981 1333 1043 453.
1354 983 1400 1042 A.

346 1057 439 1128 'Erret
461 1055 480 1128 ὃ
503 1053 619 1168 inopie
640 1057 846 1126 ἐπυνθάνετο
867 1059 913 1146 μὴ
937 1055 971 1125 e’v
992 1057 1109 1146 γαστρὶ
1133 1055 1217 1140 ilos·
1249 1059 1331 1140 Πῶς
1351 1087 1400 1147 γε,

352 1140 438 1219 cine,
458 1167 592 1231 τριταια
604 1140 650 1228 μὴ
664 1147 870 1230 βεβρωκυῖας
892 1151 922 1204 et
934 1143 1096 1207 Aristidem
1107 1147 1166 1205 rol.
1181 1143 1221 1206 ll.
1236 1167 1266 1222 p.
1279 1154 1352 1224 302,
1366 1155 1399 1208 8.

352 1231 509 1290 Praeterea
527 1230 691 1312 „comparari
714 1231 823 1305 poterit
842 1229 1016 1290 simillumae
1036 1229 1194 1305 particulae
1217 1228 1253 1312 ys}
1273 1253 1342 1291 usus
1363 1235 1401 1294 in

352 1317 418 1375 aliis
446 1315 549 1373 formis
573 1315 829 1391 interrogationis,
860 1311 897 1372 de
925 1315 1030 1388 quibus
1051 1335 1104 1372 suo
1127 1314 1191 1374 loon
1213 1313 1320 1374 dictum
1342 1325 1401 1399 est,

352 1399 443 1458 saluti
466 1399 501 1457 in
526 1385 593 1480 ἆρά
614 1419 667 1478 ys,
697 1395 766 1458 ride
791 1394 866 1472 qnae
888 1417 978 1471 supra
1000 1399 1168 1474 sor-iluimus
1192 1419 1222 1475 p.
1246 1404 1305 1460 191
1328 1420 1400 1476 sqq.
1489 1459 1490 1476 ,

351 1481 393 1542 Et
413 1482 451 1542 de
470 1484 700 1558 interrogatione
721 1481 840 1556 quidem
859 1478 1006 1552 hactenns.
1239 1529 1240 1534 1

434 1564 574 1642 Sequitur
599 1574 633 1624 ut
659 1564 751 1625 dicam
772 1565 808 1625 de
831 1569 1038 1640 responsione,
1066 1566 1100 1625 in
1120 1585 1178 1641 qna
1202 1566 1304 1632 eadem
1327 1586 1401 1644 par·
1489 1583 1490 1610 t

351 1651 440 1712 tloala
467 1647 503 1732 γὲ
516 1653 707 1726 λιιειεῐιίεοιιιιιο
730 1651 825 1709 locum
845 1648 941 1710 habet.
986 1649 1054 1728 Qus
1075 1649 1112 1709 de
1135 1653 1247 1710 ratione
1269 1650 1398 1728 dicendi,

351 1755 441 1813 quom
467 1735 521 1792 ille
549 1735 690 1808 particula
721 1733 843 1794 enodem
867 1753 983 1808 semper
1004 1732 1110 1793 hebeat
1136 1734 1399 1811 significationem,

351 1823 407 1880 rix
431 1817 581 1878 rideretur
606 1816 759 1876 dicendum
779 1837 863 1893 esee,
887 1819 947 1877 uisi
969 1819 1056 1877 etiam
1076 1820 1107 1877 in
1128 1817 1185 1876 lsoc
1205 1825 1314 1892 genere
1333 1821 1398 1878 for·
1489 1843 1490 1888 i

250 1951 253 1964 .
352 1902 449 1962 naulae
472 1897 614 1976 quaedam
641 1909 726 1959 natae
751 1908 864 1975 essem,
894 1920 967 1976 quas
988 1903 1065 1960 taciti
1085 1905 1316 1976 praetermittere
1335 1923 1400 1962 non
1449 1923 1453 1932 ·
1489 1903 1490 1952 ἐ

352 2005 515 2063 possumus.
557 1982 635 2043 Nam
657 2005 745 2058 quom
766 1983 907 2059 particula
929 1979 965 2066 γὲ
978 1984 1026 2060 id,
1053 1985 1131 2060 quod
1152 1988 1183 2044 in
1204 1987 1399 2062 responsione
1489 2003 1490 2010 ’

351 2071 488 2147 ponitur,
516 2069 634 2128 omnino
656 2070 697 2128 ite
724 2069 861 2143 inferret,
891 2077 924 2127 ut
942 2069 1020 2144 quod
1042 2070 1078 2128 ab
1101 2069 1191 2128 altero
1212 2073 1305 2145 magis
1327 2073 1399 2130 nni-

351 2175 438 2216 rerse
461 2153 569 2212 ‹lictnm
592 2160 679 2236 esset,
705 2151 737 2211 id
758 2155 816 2212 iam
839 2173 903 2212 cum
924 2151 1047 2228 quadam
1070 2156 1254 2214 restrictione
1274 2152 1397 2214 adsere-

352 2247 481 2313 raretnr,
503 2235 594 2298 veluti
616 2239 649 2296 in
668 2234 880 2322 Aristophanis
901 2235 1079 2302 Actorncns„
1097 2257 1125 2301 v.
1147 2243 1220 2300 781.
1241 2233 1398 2316 postquam

351 2319 511 2400 Megareus
535 2319 625 2380 dixitr

517 2445 595 2505 Adron
610 2449 665 2506 'orl
679 2457 791 2524 χοῖρος,-

298 2561 301 2570 ’
350 2571 445 2636 reddit
463 2571 650 2651 Dinaepolis:
1214 2614 1219 2622 .

845 2658 907 2708 Νῦν
926 2671 959 2724 γε
973 2659 1071 2730 χοῖρος
1088 2658 1229 2726 spectrum·

516 2720 585 2798 ἀτὰρ
604 2722 748 2799 ἐκτραφείς
764 2741 797 2793 γε
814 2720 918 2784 κύσθος
936 2723 1032 2791 lernen,

351 2837 456 2919 ‘rprribus
485 2845 583 2903 verbis
613 2843 692 2918 qnod
722 2843 759 2902 de
786 2845 922 2904 universa
951 2863 984 2902 re
1010 2842 1116 2902 dictum
1142 2853 1200 2916 est,
1230 2842 1396 2904 coneeditur

351 2925 486 3000 quidem,
516 2928 568 2984 ned
594 2929 636 2985 ita
664 2932 762 2985 tamen
791 2925 974 3002 conceditur,
999 2937 1030 2988 ut
1057 2949 1117 2988 nou
1149 2926 1248 2987 rulers
1271 2929 1328 2984 nisi
1358 2927 1396 2988 de

350 3009 499 3082 praesenti
527 3019 656 3084 tempore
683 3007 812 3069 dicetnrs
841 3029 904 3070 rum
930 3014 1019 3090 igitur
1042 3009 1097 3071 hoc
1120 3012 1222 3083 modo,
1252 3007 1329 3082 quod
1350 3013 1423 3082 di-‚
1489 3079 1490 3096 χ

350 3101 426 3150 otom
448 3099 522 3167 erat,
544 3095 580 3151 ad
600 3093 781 3168 singularem
803 3099 968 3172 quampiam
986 3095 1183 3155 corrdicionern
1199 3101 1393 3170 reuocaretur,
1489 3097 1490 3134 ἒ

350 3173 418 3236 lieri
446 3197 504 3236 uon
530 3179 623 3253 potuit
652 3181 722 3255 quin
746 3180 846 3239 eadem
868 3183 942 3238 ratio
964 3175 1077 3236 dicendi
1097 3183 1284 3251 usurparetur
1304 3180 1394 3236 etiam
1489 3199 1490 3214 ¹

349 3262 406 3335 ita,
436 3271 468 3321 ut
489 3261 537 3335 id,
563 3261 641 3338 quod
662 3263 735 3322 alter
757 3259 889 3336 dixerat,
916 3264 1013 3336 ipsum
1035 3280 1095 3318 uon
1117 3267 1315 3336 repeteretur,
1341 3262 1393 3321 sed

349 3343 428 3420 qnod
457 3343 544 3402 facile
573 3365 614 3404 ex
638 3348 693 3422 iis,
726 3365 800 3422 quae
826 3345 900 3404 dlcte
921 3353 1021 3418 erant,
1051 3344 1121 3419 qnid
1142 3343 1178 3403 ad
1200 3343 1393 3420 supplendam

349 3430 523 3486 seutentiam
542 3447 615 3500 opus
629 3439 715 3504 esset,
737 3429 848 3488 ndsmni
863 3447 948 3504 posse
959 3427 1116 3506 videretur,
1138 3427 1268 3489 condicio
1282 3437 1392 3488 tantum

349 3497 435 3568 modo
463 3519 638 3584 poneretur,
665 3512 703 3570 ed
734 3531 820 3586 qinom
841 3515 871 3572 id
893 3522 1095 3590 revocaretur,
1124 3514 1216 3573 veluti
1236 3513 1268 3571 in
1290 3512 1392 3572 eadem

241 3643 244 3648 .
348 3592 559 3667 Aristophanis
579 3591 677 3651 fabula
699 3615 728 3654 v.
751 3600 812 3655 898
827 3615 890 3674 sqq.
912 3597 1018 3657 lactum
1039 3605 1097 3678 est,
1117 3599 1167 3659 ubi
1188 3617 1253 3658 eum
1265 3593 1391 3656 Dicaeo-

346 3677 424 3755 polis
448 3679 489 3738 ita
514 3679 691 3754 quiaesiseetr

554 3821 567 3846 n
673 3825 681 3847 ,
762 3825 770 3847 t
839 3765 921 3832 Φέρε,
940 3759 1150 3848 πόσουῃὶέγεις,Ι

551 3845 568 3893 η
587 3833 673 3902 popei
700 3826 759 3902 ἕπερ
791 3829 903 3886 ἐνθένδ’
924 3831 1008 3888 lsrin‘
1028 3835 1102 3894 utere
1119 3827 1184 3896 irim·

345 3949 502 4026 respondet
522 3945 666 4014 Boeotus:

503 4078 545 4145 ⁰0,
563 4099 587 4132 τι
604 4078 633 4147 γ’
653 4080 710 4135 tm'
729 4078 866 4151 Ἀθάναις,
887 4081 918 4138 dr
935 4086 1099 4139 Βοιωτοῖσιν
1115 4079 1148 4136 δὲ
1163 4077 1221 4150 μή,
