<?xml version="1.0" encoding="UTF-8"?>
<!DOCTYPE html PUBLIC "-//W3C//DTD XHTML 1.0 Transitional//EN"
    "http://www.w3.org/TR/xhtml1/DTD/xhtml1-transitional.dtd">
<html xmlns="http://www.w3.org/1999/xhtml" xml:lang="en" lang="en">
 <head>
  <title>
</title>
<meta http-equiv="Content-Type" content="text/html;charset=utf-8" />
  <meta name='ocr-system' content='tesseract 3.04.00' />
  <meta name='ocr-capabilities' content='ocr_page ocr_carea ocr_par ocr_line ocrx_word'/>
</head>
<body>
  <div class='ocr_page' id='page_1' title='image "./matthaeidevarii00klotgoog_0039.png"; bbox 0 0 2974 4588; ppageno 0'>
   <div class='ocr_carea' id='block_1_1' title="bbox 340 247 925 326">
    <p class='ocr_par' dir='ltr' id='par_1_1' title="bbox 340 247 925 326">
     <span class='ocr_line' id='line_1_1' title="bbox 340 247 925 326; baseline -0.01 0"><span class='ocrx_word' id='word_1_1' title='bbox 340 253 386 326; x_wconf 73' lang='lat'><strong>³2</strong></span> <span class='ocrx_word' id='word_1_2' title='bbox 799 247 925 324; x_wconf 74' lang='lat' dir='ltr'><strong>atta</strong></span> 
     </span>
    </p>
   </div>
   <div class='ocr_carea' id='block_1_2' title="bbox 344 424 1388 679">
    <p class='ocr_par' dir='ltr' id='par_1_2' title="bbox 344 424 1388 679">
     <span class='ocr_line' id='line_1_2' title="bbox 344 424 1386 507; baseline -0.005 -13"><span class='ocrx_word' id='word_1_3' title='bbox 344 427 425 494; x_wconf 70' lang='lat' dir='ltr'><strong>Nem</strong></span> <span class='ocrx_word' id='word_1_4' title='bbox 449 427 606 507; x_wconf 79' lang='lat' dir='ltr'><strong>postquam</strong></span> <span class='ocrx_word' id='word_1_5' title='bbox 630 431 747 492; x_wconf 75' lang='lat' dir='ltr'><strong>bravius</strong></span> <span class='ocrx_word' id='word_1_6' title='bbox 773 427 813 492; x_wconf 82' lang='lat' dir='ltr'><strong>G.</strong></span> <span class='ocrx_word' id='word_1_7' title='bbox 838 427 1004 491; x_wconf 84' lang='lat' dir='ltr'><strong>Harmaunl</strong></span> <span class='ocrx_word' id='word_1_8' title='bbox 1031 437 1061 491; x_wconf 84' lang='lat' dir='ltr'><strong>at</strong></span> <span class='ocrx_word' id='word_1_9' title='bbox 1087 425 1127 492; x_wconf 76' lang='lat' dir='ltr'><strong>G.</strong></span> <span class='ocrx_word' id='word_1_10' title='bbox 1154 425 1195 491; x_wconf 79' lang='lat' dir='ltr'><strong>H.</strong></span> <span class='ocrx_word' id='word_1_11' title='bbox 1220 424 1386 507; x_wconf 70' lang='lat' dir='ltr'><strong>Salaciam,</strong></span> 
     </span>
     <span class='ocr_line' id='line_1_3' title="bbox 346 512 1388 593; baseline -0.002 -17"><span class='ocrx_word' id='word_1_12' title='bbox 346 519 494 593; x_wconf 70' lang='lat' dir='ltr'><strong>copiosius</strong></span> <span class='ocrx_word' id='word_1_13' title='bbox 519 523 615 575; x_wconf 87' lang='lat' dir='ltr'><strong>nutem</strong></span> <span class='ocrx_word' id='word_1_14' title='bbox 635 513 979 592; x_wconf 75' lang='lat' dir='ltr'><strong>Hartungii&#39;doctrinnm</strong></span> <span class='ocrx_word' id='word_1_15' title='bbox 1002 513 1039 575; x_wconf 87' lang='lat' dir='ltr'><strong>da</strong></span> <span class='ocrx_word' id='word_1_16' title='bbox 1065 512 1112 574; x_wconf 85' lang='lat' dir='ltr'><strong>his</strong></span> <span class='ocrx_word' id='word_1_17' title='bbox 1138 515 1290 592; x_wconf 68' lang='lat' dir='ltr'><strong>particulis</strong></span> <span class='ocrx_word' id='word_1_18' title='bbox 1317 535 1388 590; x_wconf 88' lang='lat' dir='ltr'><strong>per·</strong></span> 
     </span>
     <span class='ocr_line' id='line_1_4' title="bbox 347 599 1386 679; baseline -0.002 -20"><span class='ocrx_word' id='word_1_19' title='bbox 347 603 495 677; x_wconf 81' lang='lat' dir='ltr'><strong>tractavit,</strong></span> <span class='ocrx_word' id='word_1_20' title='bbox 523 620 559 659; x_wconf 85' lang='lat' dir='ltr'><strong>eo</strong></span> <span class='ocrx_word' id='word_1_21' title='bbox 589 600 705 679; x_wconf 85' lang='lat' dir='ltr'><strong>demum</strong></span> <span class='ocrx_word' id='word_1_22' title='bbox 732 603 883 676; x_wconf 82' lang='lat' dir='ltr'><strong>pervenit,</strong></span> <span class='ocrx_word' id='word_1_23' title='bbox 912 609 944 658; x_wconf 92' lang='lat' dir='ltr'><strong>nt</strong></span> <span class='ocrx_word' id='word_1_24' title='bbox 970 599 1128 675; x_wconf 86' lang='lat' dir='ltr'><strong>particulas</strong></span> <span class='ocrx_word' id='word_1_25' title='bbox 1157 599 1330 674; x_wconf 86' lang='lat' dir='ltr'><strong>quibusdam</strong></span> <span class='ocrx_word' id='word_1_26' title='bbox 1351 601 1386 657; x_wconf 89' lang='lat' dir='ltr'><strong>in</strong></span> 
     </span>
    </p>
   </div>
   <div class='ocr_carea' id='block_1_3' title="bbox 225 672 1387 770">
    <p class='ocr_par' dir='ltr' id='par_1_3' title="bbox 225 672 1387 770">
     <span class='ocr_line' id='line_1_5' title="bbox 225 672 1387 770; baseline -0.003 -26"><span class='ocrx_word' id='word_1_27' title='bbox 225 741 226 744; x_wconf 74' lang='grc'>,</span> <span class='ocrx_word' id='word_1_28' title='bbox 346 684 418 744; x_wconf 83' lang='lat' dir='ltr'><strong>locis</strong></span> <span class='ocrx_word' id='word_1_29' title='bbox 443 705 482 742; x_wconf 83' lang='lat' dir='ltr'><strong>ex</strong></span> <span class='ocrx_word' id='word_1_30' title='bbox 504 672 585 746; x_wconf 67' lang='lat' dir='ltr'><strong>diddo</strong></span> <span class='ocrx_word' id='word_1_31' title='bbox 607 673 628 770; x_wconf 74' lang='grc' dir='ltr'>ἢ</span> <span class='ocrx_word' id='word_1_32' title='bbox 650 692 727 743; x_wconf 82' lang='lat' dir='ltr'><strong>cutus</strong></span> <span class='ocrx_word' id='word_1_33' title='bbox 752 704 818 744; x_wconf 81' lang='lat' dir='ltr'><strong>essa</strong></span> <span class='ocrx_word' id='word_1_34' title='bbox 839 683 966 760; x_wconf 84' lang='lat' dir='ltr'><strong>diceret,</strong></span> <span class='ocrx_word' id='word_1_35' title='bbox 991 686 1024 743; x_wconf 91' lang='lat' dir='ltr'><strong>in</strong></span> <span class='ocrx_word' id='word_1_36' title='bbox 1044 685 1142 758; x_wconf 84' lang='lat' dir='ltr'><strong>iisque</strong></span> <span class='ocrx_word' id='word_1_37' title='bbox 1163 684 1233 742; x_wconf 86' lang='lat' dir='ltr'><strong>locis</strong></span> <span class='ocrx_word' id='word_1_38' title='bbox 1255 683 1387 742; x_wconf 84' lang='lat' dir='ltr'><strong>scriben-</strong></span> 
     </span>
    </p>
   </div>
   <div class='ocr_carea' id='block_1_4' title="bbox 346 757 1388 1430">
    <p class='ocr_par' dir='ltr' id='par_1_4' title="bbox 346 757 1388 1430">
     <span class='ocr_line' id='line_1_6' title="bbox 346 757 1387 852; baseline -0.003 -25"><span class='ocrx_word' id='word_1_39' title='bbox 346 766 417 827; x_wconf 89' lang='lat' dir='ltr'><strong>dum</strong></span> <span class='ocrx_word' id='word_1_40' title='bbox 443 769 622 844; x_wconf 83' lang='lat' dir='ltr'><strong>praeciperet</strong></span> <span class='ocrx_word' id='word_1_41' title='bbox 649 759 719 830; x_wconf 67' lang='lat' dir='ltr'><strong>dll&#39;</strong></span> <span class='ocrx_word' id='word_1_42' title='bbox 751 757 791 852; x_wconf 73' lang='grc' dir='ltr'><strong>ἥ,</strong></span> <span class='ocrx_word' id='word_1_43' title='bbox 817 771 850 828; x_wconf 86' lang='lat' dir='ltr'><strong>in</strong></span> <span class='ocrx_word' id='word_1_44' title='bbox 879 768 945 828; x_wconf 89' lang='lat' dir='ltr'><strong>aliie</strong></span> <span class='ocrx_word' id='word_1_45' title='bbox 973 774 1071 827; x_wconf 88' lang='lat' dir='ltr'><strong>antem</strong></span> <span class='ocrx_word' id='word_1_46' title='bbox 1090 768 1162 826; x_wconf 88' lang='lat' dir='ltr'><strong>locis</strong></span> <span class='ocrx_word' id='word_1_47' title='bbox 1182 769 1224 825; x_wconf 88' lang='lat' dir='ltr'><strong>ita</strong></span> <span class='ocrx_word' id='word_1_48' title='bbox 1244 773 1387 827; x_wconf 85' lang='lat' dir='ltr'><strong>statueret</strong></span> 
     </span>
     <span class='ocr_line' id='line_1_7' title="bbox 347 842 1385 936; baseline -0.004 -22"><span class='ocrx_word' id='word_1_49' title='bbox 347 871 412 914; x_wconf 82' lang='lat' dir='ltr'><strong>esee</strong></span> <span class='ocrx_word' id='word_1_50' title='bbox 451 842 520 915; x_wconf 72' lang='grc' dir='ltr'><strong>ἀλλ’</strong></span> <span class='ocrx_word' id='word_1_51' title='bbox 551 843 572 936; x_wconf 79' lang='grc' dir='ltr'>ἢ</span> <span class='ocrx_word' id='word_1_52' title='bbox 610 850 687 910; x_wconf 85' lang='grc' dir='ltr'>ιιὶΙιίΙ</span> <span class='ocrx_word' id='word_1_53' title='bbox 718 853 778 911; x_wconf 87' lang='lat' dir='ltr'><strong>uisi</strong></span> <span class='ocrx_word' id='word_1_54' title='bbox 810 842 896 914; x_wconf 72' lang='grc' dir='ltr'><em>ἀλλὰ</em></span> <span class='ocrx_word' id='word_1_55' title='bbox 927 843 948 936; x_wconf 81' lang='grc' dir='ltr'><strong><em>ἢ</em></strong></span> <span class='ocrx_word' id='word_1_56' title='bbox 987 852 1118 926; x_wconf 84' lang='lat' dir='ltr'><strong>duasque</strong></span> <span class='ocrx_word' id='word_1_57' title='bbox 1155 853 1385 910; x_wconf 83' lang='lat' dir='ltr'><strong>constructiones</strong></span> 
     </span>
     <span class='ocr_line' id='line_1_8' title="bbox 347 933 1387 1015; baseline -0.005 -17"><span class='ocrx_word' id='word_1_58' title='bbox 347 935 561 1012; x_wconf 74' lang='lat' dir='ltr'><strong>significatione</strong></span> <span class='ocrx_word' id='word_1_59' title='bbox 592 934 747 994; x_wconf 75' lang='lat' dir='ltr'><strong>admodum</strong></span> <span class='ocrx_word' id='word_1_60' title='bbox 777 935 889 995; x_wconf 85' lang='lat' dir='ltr'><strong>adfines</strong></span> <span class='ocrx_word' id='word_1_61' title='bbox 915 934 965 995; x_wconf 81' lang='lat' dir='ltr'><strong>laic</strong></span> <span class='ocrx_word' id='word_1_62' title='bbox 989 936 1141 996; x_wconf 85' lang='lat' dir='ltr'><strong>coaluisse.</strong></span> <span class='ocrx_word' id='word_1_63' title='bbox 1190 933 1290 1015; x_wconf 81' lang='lat' dir='ltr'><strong>Quam</strong></span> <span class='ocrx_word' id='word_1_64' title='bbox 1317 955 1387 994; x_wconf 84' lang='lat' dir='ltr'><strong>sen·</strong></span> 
     </span>
     <span class='ocr_line' id='line_1_9' title="bbox 347 1019 1386 1096; baseline -0.002 -16"><span class='ocrx_word' id='word_1_65' title='bbox 347 1023 467 1081; x_wconf 85' lang='lat' dir='ltr'><strong>tantiam</strong></span> <span class='ocrx_word' id='word_1_66' title='bbox 493 1022 549 1080; x_wconf 81' lang='lat' dir='ltr'><strong>etsi</strong></span> <span class='ocrx_word' id='word_1_67' title='bbox 569 1019 668 1078; x_wconf 85' lang='lat' dir='ltr'><strong>multis</strong></span> <span class='ocrx_word' id='word_1_68' title='bbox 692 1019 744 1078; x_wconf 92' lang='lat' dir='ltr'><strong>ille</strong></span> <span class='ocrx_word' id='word_1_69' title='bbox 765 1019 930 1096; x_wconf 85' lang='lat' dir='ltr'><strong>exemplis,</strong></span> <span class='ocrx_word' id='word_1_70' title='bbox 960 1041 1035 1096; x_wconf 84' lang='lat' dir='ltr'><strong>qnae</strong></span> <span class='ocrx_word' id='word_1_71' title='bbox 1056 1019 1191 1094; x_wconf 74' lang='lat' dir='ltr'><strong>deinceps</strong></span> <span class='ocrx_word' id='word_1_72' title='bbox 1214 1020 1386 1094; x_wconf 76' lang='lat' dir='ltr'><strong>explicavit,</strong></span> 
     </span>
     <span class='ocr_line' id='line_1_10' title="bbox 347 1101 1388 1188; baseline -0.002 -24"><span class='ocrx_word' id='word_1_73' title='bbox 347 1107 436 1165; x_wconf 89' lang='lat' dir='ltr'><strong>tutari</strong></span> <span class='ocrx_word' id='word_1_74' title='bbox 458 1113 577 1162; x_wconf 90' lang='lat' dir='ltr'><strong>conatus</strong></span> <span class='ocrx_word' id='word_1_75' title='bbox 602 1113 662 1176; x_wconf 87' lang='lat' dir='ltr'><strong>est,</strong></span> <span class='ocrx_word' id='word_1_76' title='bbox 694 1111 789 1188; x_wconf 74' lang='lat' dir='ltr'><strong>tamen</strong></span> <span class='ocrx_word' id='word_1_77' title='bbox 808 1124 874 1163; x_wconf 88' lang='lat' dir='ltr'><strong>mea</strong></span> <span class='ocrx_word' id='word_1_78' title='bbox 897 1107 1040 1164; x_wconf 81' lang='lat' dir='ltr'><strong>sententia</strong></span> <span class='ocrx_word' id='word_1_79' title='bbox 1059 1104 1141 1163; x_wconf 90' lang='grc' dir='ltr'>ιιιιΙΙο</span> <span class='ocrx_word' id='word_1_80' title='bbox 1162 1102 1247 1162; x_wconf 89' lang='lat' dir='ltr'><strong>modo</strong></span> <span class='ocrx_word' id='word_1_81' title='bbox 1268 1101 1388 1162; x_wconf 82' lang='lat' dir='ltr'><strong>videtur</strong></span> 
     </span>
     <span class='ocr_line' id='line_1_11' title="bbox 347 1183 1386 1264; baseline -0.001 -15"><span class='ocrx_word' id='word_1_82' title='bbox 347 1191 479 1249; x_wconf 85' lang='lat' dir='ltr'><strong>obtinere</strong></span> <span class='ocrx_word' id='word_1_83' title='bbox 499 1205 596 1262; x_wconf 88' lang='lat' dir='ltr'><strong>possa.</strong></span> <span class='ocrx_word' id='word_1_84' title='bbox 638 1183 775 1261; x_wconf 84' lang='lat' dir='ltr'><strong>Namque</strong></span> <span class='ocrx_word' id='word_1_85' title='bbox 799 1191 843 1246; x_wconf 91' lang='lat' dir='ltr'><strong>nti</strong></span> <span class='ocrx_word' id='word_1_86' title='bbox 862 1207 916 1264; x_wconf 85' lang='lat' dir='ltr'><strong>per</strong></span> <span class='ocrx_word' id='word_1_87' title='bbox 937 1207 968 1247; x_wconf 85' lang='lat' dir='ltr'><strong>sc</strong></span> <span class='ocrx_word' id='word_1_88' title='bbox 990 1190 1097 1247; x_wconf 84' lang='lat' dir='ltr'><strong>mirum</strong></span> <span class='ocrx_word' id='word_1_89' title='bbox 1119 1196 1203 1262; x_wconf 85' lang='lat' dir='ltr'><strong>essct,</strong></span> <span class='ocrx_word' id='word_1_90' title='bbox 1229 1189 1255 1245; x_wconf 89' lang='lat' dir='ltr'><strong>si</strong></span> <span class='ocrx_word' id='word_1_91' title='bbox 1277 1183 1386 1248; x_wconf 87' lang='lat' dir='ltr'><strong>Graeci</strong></span> 
     </span>
     <span class='ocr_line' id='line_1_12' title="bbox 347 1269 1386 1348; baseline -0.006 -14"><span class='ocrx_word' id='word_1_92' title='bbox 347 1273 459 1334; x_wconf 84' lang='lat' dir='ltr'><strong>eisdem</strong></span> <span class='ocrx_word' id='word_1_93' title='bbox 487 1269 636 1347; x_wconf 78' lang='lat' dir='ltr'><strong>particulis</strong></span> <span class='ocrx_word' id='word_1_94' title='bbox 663 1271 773 1345; x_wconf 83' lang='lat' dir='ltr'><strong>duplici</strong></span> <span class='ocrx_word' id='word_1_95' title='bbox 797 1270 883 1331; x_wconf 91' lang='lat' dir='ltr'><strong>modo</strong></span> <span class='ocrx_word' id='word_1_96' title='bbox 907 1272 954 1330; x_wconf 87' lang='lat' dir='ltr'><strong>nsi</strong></span> <span class='ocrx_word' id='word_1_97' title='bbox 982 1281 1097 1348; x_wconf 78' lang='lat' dir='ltr'><strong>essem,</strong></span> <span class='ocrx_word' id='word_1_98' title='bbox 1125 1273 1167 1331; x_wconf 90' lang='lat' dir='ltr'><strong>sic</strong></span> <span class='ocrx_word' id='word_1_99' title='bbox 1186 1271 1274 1341; x_wconf 76' lang='lat' dir='ltr'><strong>facile</strong></span> <span class='ocrx_word' id='word_1_100' title='bbox 1295 1272 1386 1330; x_wconf 84' lang='lat' dir='ltr'><strong>etiam</strong></span> 
     </span>
     <span class='ocr_line' id='line_1_13' title="bbox 347 1353 1386 1430; baseline -0.003 -13"><span class='ocrx_word' id='word_1_101' title='bbox 347 1356 446 1417; x_wconf 86' lang='lat' dir='ltr'><strong>doceri</strong></span> <span class='ocrx_word' id='word_1_102' title='bbox 467 1361 562 1430; x_wconf 88' lang='lat' dir='ltr'><strong>potest</strong></span> <span class='ocrx_word' id='word_1_103' title='bbox 583 1354 704 1414; x_wconf 86' lang='lat' dir='ltr'><strong>alteram</strong></span> <span class='ocrx_word' id='word_1_104' title='bbox 722 1354 825 1414; x_wconf 86' lang='lat' dir='ltr'><strong>harum</strong></span> <span class='ocrx_word' id='word_1_105' title='bbox 849 1358 995 1415; x_wconf 86' lang='lat' dir='ltr'><strong>rationum</strong></span> <span class='ocrx_word' id='word_1_106' title='bbox 1010 1375 1110 1417; x_wconf 79' lang='lat' dir='ltr'><strong>veram</strong></span> <span class='ocrx_word' id='word_1_107' title='bbox 1125 1375 1191 1416; x_wconf 84' lang='lat' dir='ltr'><strong>esse</strong></span> <span class='ocrx_word' id='word_1_108' title='bbox 1204 1353 1386 1429; x_wconf 83' lang='lat' dir='ltr'><strong>eandemque</strong></span> 
     </span>
    </p>
   </div>
   <div class='ocr_carea' id='block_1_5' title="bbox 348 1437 1473 1515">
    <p class='ocr_par' dir='ltr' id='par_1_5' title="bbox 348 1437 1473 1515">
     <span class='ocr_line' id='line_1_14' title="bbox 348 1437 1473 1515; baseline -0.005 -14"><span class='ocrx_word' id='word_1_109' title='bbox 348 1441 481 1501; x_wconf 86' lang='lat' dir='ltr'><strong>omnibns</strong></span> <span class='ocrx_word' id='word_1_110' title='bbox 502 1439 573 1498; x_wconf 88' lang='lat' dir='ltr'><strong>locis</strong></span> <span class='ocrx_word' id='word_1_111' title='bbox 593 1439 741 1498; x_wconf 78' lang='lat' dir='ltr'><strong>facillume</strong></span> <span class='ocrx_word' id='word_1_112' title='bbox 761 1439 893 1499; x_wconf 86' lang='lat' dir='ltr'><strong>adhiberi</strong></span> <span class='ocrx_word' id='word_1_113' title='bbox 911 1459 1006 1515; x_wconf 86' lang='lat' dir='ltr'><strong>posse.</strong></span> <span class='ocrx_word' id='word_1_114' title='bbox 1047 1437 1166 1500; x_wconf 82' lang='lat' dir='ltr'><strong>Etenim</strong></span> <span class='ocrx_word' id='word_1_115' title='bbox 1181 1441 1208 1498; x_wconf 91' lang='lat' dir='ltr'><strong>si</strong></span> <span class='ocrx_word' id='word_1_116' title='bbox 1222 1441 1387 1514; x_wconf 75' lang='lat' dir='ltr'><strong>statuimus,</strong></span> <span class='ocrx_word' id='word_1_117' title='bbox 1472 1439 1473 1484; x_wconf 59' lang='grc' dir='ltr'><em>ἕ</em></span> 
     </span>
    </p>
   </div>
   <div class='ocr_carea' id='block_1_6' title="bbox 274 1522 1474 2106">
    <p class='ocr_par' dir='ltr' id='par_1_6' title="bbox 274 1522 1474 2046">
     <span class='ocr_line' id='line_1_15' title="bbox 347 1522 1387 1600; baseline -0.004 -16"><span class='ocrx_word' id='word_1_118' title='bbox 347 1523 380 1584; x_wconf 90' lang='lat' dir='ltr'><strong>id</strong></span> <span class='ocrx_word' id='word_1_119' title='bbox 407 1522 485 1598; x_wconf 86' lang='lat' dir='ltr'><strong>quod</strong></span> <span class='ocrx_word' id='word_1_120' title='bbox 511 1526 544 1582; x_wconf 91' lang='lat' dir='ltr'><strong>in</strong></span> <span class='ocrx_word' id='word_1_121' title='bbox 572 1523 696 1599; x_wconf 77' lang='lat' dir='ltr'><strong>singulis</strong></span> <span class='ocrx_word' id='word_1_122' title='bbox 722 1523 793 1584; x_wconf 86' lang='lat' dir='ltr'><strong>locis</strong></span> <span class='ocrx_word' id='word_1_123' title='bbox 818 1544 913 1583; x_wconf 88' lang='lat' dir='ltr'><strong>nemo·</strong></span> <span class='ocrx_word' id='word_1_124' title='bbox 932 1524 995 1583; x_wconf 82' lang='lat' dir='ltr'><strong>iere</strong></span> <span class='ocrx_word' id='word_1_125' title='bbox 1021 1526 1223 1600; x_wconf 78' lang='lat' dir='ltr'><strong>grammaticus</strong></span> <span class='ocrx_word' id='word_1_126' title='bbox 1256 1525 1387 1600; x_wconf 78' lang='lat' dir='ltr'><strong>negauit,</strong></span> 
     </span>
     <span class='ocr_line' id='line_1_16' title="bbox 333 1596 1387 1692; baseline 0.001 -27"><span class='ocrx_word' id='word_1_127' title='bbox 333 1607 503 1685; x_wconf 81' lang='lat' dir='ltr'><strong>&#39;particulos</strong></span> <span class='ocrx_word' id='word_1_128' title='bbox 536 1596 605 1669; x_wconf 74' lang='grc' dir='ltr'><strong>ἀλλ’</strong></span> <span class='ocrx_word' id='word_1_129' title='bbox 634 1599 655 1692; x_wconf 82' lang='grc' dir='ltr'>ἢ</span> <span class='ocrx_word' id='word_1_130' title='bbox 683 1615 765 1668; x_wconf 86' lang='lat' dir='ltr'><strong>natas</strong></span> <span class='ocrx_word' id='word_1_131' title='bbox 794 1608 887 1668; x_wconf 83' lang='lat' dir='ltr'><strong>fnisse</strong></span> <span class='ocrx_word' id='word_1_132' title='bbox 913 1627 953 1668; x_wconf 87' lang='lat' dir='ltr'><strong>ex</strong></span> <span class='ocrx_word' id='word_1_133' title='bbox 978 1610 1075 1668; x_wconf 78' lang='lat' dir='ltr'><strong>verbis</strong></span> <span class='ocrx_word' id='word_1_134' title='bbox 1105 1597 1187 1670; x_wconf 69' lang='lat' dir='ltr'><strong>dato</strong></span> <span class='ocrx_word' id='word_1_135' title='bbox 1209 1613 1239 1667; x_wconf 87' lang='lat' dir='ltr'><strong>et</strong></span> <span class='ocrx_word' id='word_1_136' title='bbox 1258 1596 1293 1692; x_wconf 76' lang='grc' dir='ltr'><strong>ἥ,</strong></span> <span class='ocrx_word' id='word_1_137' title='bbox 1325 1627 1387 1666; x_wconf 89' lang='lat' dir='ltr'><strong>non</strong></span> 
     </span>
     <span class='ocr_line' id='line_1_17' title="bbox 348 1680 1388 1775; baseline -0.002 -24"><span class='ocrx_word' id='word_1_138' title='bbox 348 1691 467 1770; x_wconf 84' lang='lat' dir='ltr'><strong>quidam</strong></span> <span class='ocrx_word' id='word_1_139' title='bbox 488 1680 558 1754; x_wconf 73' lang='lat' dir='ltr'><strong>dtt&#39;</strong></span> <span class='ocrx_word' id='word_1_140' title='bbox 579 1681 601 1775; x_wconf 80' lang='grc' dir='ltr'>ἢ</span> <span class='ocrx_word' id='word_1_141' title='bbox 621 1693 731 1768; x_wconf 86' lang='lat' dir='ltr'><strong>ubique</strong></span> <span class='ocrx_word' id='word_1_142' title='bbox 750 1692 933 1764; x_wconf 81' lang='lat' dir='ltr'><strong>scribendum</strong></span> <span class='ocrx_word' id='word_1_143' title='bbox 950 1694 1116 1768; x_wconf 87' lang='lat' dir='ltr'><strong>putabimus</strong></span> <span class='ocrx_word' id='word_1_144' title='bbox 1132 1725 1170 1738; x_wconf 95' lang='lat'><em>-</em></span> <span class='ocrx_word' id='word_1_145' title='bbox 1188 1688 1295 1750; x_wconf 84' lang='lat' dir='ltr'><strong>Gracci</strong></span> <span class='ocrx_word' id='word_1_146' title='bbox 1307 1693 1388 1751; x_wconf 90' lang='lat' dir='ltr'><strong>enim</strong></span> 
     </span>
     <span class='ocr_line' id='line_1_18' title="bbox 348 1769 1387 1854; baseline -0.002 -19"><span class='ocrx_word' id='word_1_147' title='bbox 348 1797 439 1854; x_wconf 82' lang='lat' dir='ltr'><strong>quom</strong></span> <span class='ocrx_word' id='word_1_148' title='bbox 459 1776 579 1849; x_wconf 81' lang='lat' dir='ltr'><strong>antiqno</strong></span> <span class='ocrx_word' id='word_1_149' title='bbox 601 1784 733 1850; x_wconf 88' lang='lat' dir='ltr'><strong>tempore</strong></span> <span class='ocrx_word' id='word_1_150' title='bbox 753 1769 834 1839; x_wconf 78' lang='grc' dir='ltr'><strong>ἀλλὰ</strong></span> <span class='ocrx_word' id='word_1_151' title='bbox 857 1779 1080 1852; x_wconf 73' lang='lat' dir='ltr'><strong>pronuntiarent</strong></span> <span class='ocrx_word' id='word_1_152' title='bbox 1093 1777 1320 1850; x_wconf 84' lang='lat' dir='ltr'><strong>scriberentque,</strong></span> <span class='ocrx_word' id='word_1_153' title='bbox 1340 1775 1387 1833; x_wconf 79' lang='lat' dir='ltr'><strong>ia·</strong></span> 
     </span>
     <span class='ocr_line' id='line_1_19' title="bbox 348 1847 1387 1944; baseline -0.003 -25"><span class='ocrx_word' id='word_1_154' title='bbox 348 1871 425 1919; x_wconf 88' lang='lat' dir='ltr'><strong>ctum</strong></span> <span class='ocrx_word' id='word_1_155' title='bbox 446 1867 508 1934; x_wconf 88' lang='lat' dir='ltr'><strong>est,</strong></span> <span class='ocrx_word' id='word_1_156' title='bbox 528 1865 561 1914; x_wconf 91' lang='lat' dir='ltr'><strong>ut</strong></span> <span class='ocrx_word' id='word_1_157' title='bbox 579 1861 732 1918; x_wconf 84' lang='lat' dir='ltr'><strong>contractis</strong></span> <span class='ocrx_word' id='word_1_158' title='bbox 753 1858 800 1918; x_wconf 84' lang='lat' dir='ltr'><strong>lie</strong></span> <span class='ocrx_word' id='word_1_159' title='bbox 821 1860 943 1937; x_wconf 77' lang='lat' dir='ltr'><strong>syllabis</strong></span> <span class='ocrx_word' id='word_1_160' title='bbox 963 1863 1118 1920; x_wconf 74' lang='lat' dir='ltr'><strong>recitarent</strong></span> <span class='ocrx_word' id='word_1_161' title='bbox 1139 1850 1208 1922; x_wconf 78' lang='grc' dir='ltr'><strong>ἀλλ’</strong></span> <span class='ocrx_word' id='word_1_162' title='bbox 1232 1847 1269 1944; x_wconf 77' lang='grc' dir='ltr'><strong>ἤ,</strong></span> <span class='ocrx_word' id='word_1_163' title='bbox 1291 1862 1333 1919; x_wconf 84' lang='lat' dir='ltr'><strong>ita</strong></span> <span class='ocrx_word' id='word_1_164' title='bbox 1354 1867 1387 1917; x_wconf 90' lang='lat' dir='ltr'><strong>nt</strong></span> 
     </span>
     <span class='ocr_line' id='line_1_20' title="bbox 274 1944 1474 2046; baseline 0.002 -42"><span class='ocrx_word' id='word_1_165' title='bbox 274 2005 277 2010; x_wconf 85' lang='grc'>,</span> <span class='ocrx_word' id='word_1_166' title='bbox 348 1950 481 2004; x_wconf 77' lang='lat' dir='ltr'><strong>emeatus</strong></span> <span class='ocrx_word' id='word_1_167' title='bbox 512 1944 692 2002; x_wconf 86' lang='lat' dir='ltr'><strong>notationem</strong></span> <span class='ocrx_word' id='word_1_168' title='bbox 721 1945 754 2001; x_wconf 91' lang='lat' dir='ltr'><strong>in</strong></span> <span class='ocrx_word' id='word_1_169' title='bbox 784 1946 883 2018; x_wconf 83' lang='lat' dir='ltr'><strong>priore</strong></span> <span class='ocrx_word' id='word_1_170' title='bbox 913 1944 1053 2004; x_wconf 80' lang='lat' dir='ltr'><strong>vocabulo</strong></span> <span class='ocrx_word' id='word_1_171' title='bbox 1086 1945 1176 2046; x_wconf 87' lang='lat' dir='ltr'><strong>plene</strong></span> <span class='ocrx_word' id='word_1_172' title='bbox 1207 1945 1386 2019; x_wconf 87' lang='lat' dir='ltr'><strong>omitterent,</strong></span> <span class='ocrx_word' id='word_1_173' title='bbox 1473 1999 1474 2006; x_wconf 23' lang='grc' dir='ltr'>ι</span> 
     </span>
    </p>

    <p class='ocr_par' dir='ltr' id='par_1_7' title="bbox 315 2020 1386 2106">
     <span class='ocr_line' id='line_1_21' title="bbox 315 2020 1386 2106; baseline 0.001 -21"><span class='ocrx_word' id='word_1_174' title='bbox 315 2041 319 2048; x_wconf 88' lang='grc'><strong>’</strong></span> <span class='ocrx_word' id='word_1_175' title='bbox 349 2025 624 2106; x_wconf 85' lang='lat' dir='ltr'><strong>quemadmodum</strong></span> <span class='ocrx_word' id='word_1_176' title='bbox 644 2025 722 2086; x_wconf 90' lang='lat' dir='ltr'><strong>idem</strong></span> <span class='ocrx_word' id='word_1_177' title='bbox 743 2025 845 2087; x_wconf 89' lang='lat' dir='ltr'><strong>accidit</strong></span> <span class='ocrx_word' id='word_1_178' title='bbox 866 2032 898 2088; x_wconf 91' lang='lat' dir='ltr'><strong>in</strong></span> <span class='ocrx_word' id='word_1_179' title='bbox 919 2029 1060 2104; x_wconf 81' lang='lat' dir='ltr'><strong>particula</strong></span> <span class='ocrx_word' id='word_1_180' title='bbox 1080 2020 1177 2103; x_wconf 66' lang='lat' dir='ltr'><strong>atti,</strong></span> <span class='ocrx_word' id='word_1_181' title='bbox 1199 2047 1275 2102; x_wconf 80' lang='lat' dir='ltr'><strong>quae</strong></span> <span class='ocrx_word' id='word_1_182' title='bbox 1296 2047 1386 2101; x_wconf 86' lang='lat' dir='ltr'><strong>quom</strong></span> 
     </span>
    </p>
   </div>
   <div class='ocr_carea' id='block_1_7' title="bbox 235 2109 1387 2196">
    <p class='ocr_par' dir='ltr' id='par_1_8' title="bbox 235 2109 1387 2196">
     <span class='ocr_line' id='line_1_22' title="bbox 235 2109 1387 2196; baseline -0.001 -24"><span class='ocrx_word' id='word_1_183' title='bbox 235 2189 241 2196; x_wconf 32' lang='grc' dir='ltr'>Ι</span> <span class='ocrx_word' id='word_1_184' title='bbox 348 2131 405 2187; x_wconf 80' lang='lat' dir='ltr'><strong>par</strong></span> <span class='ocrx_word' id='word_1_185' title='bbox 424 2109 554 2172; x_wconf 76' lang='lat' dir='ltr'><strong>cenibil</strong></span> <span class='ocrx_word' id='word_1_186' title='bbox 575 2110 654 2170; x_wconf 90' lang='lat' dir='ltr'><strong>aliud</strong></span> <span class='ocrx_word' id='word_1_187' title='bbox 676 2119 768 2186; x_wconf 85' lang='lat' dir='ltr'><strong>essct,</strong></span> <span class='ocrx_word' id='word_1_188' title='bbox 797 2113 856 2171; x_wconf 88' lang='lat' dir='ltr'><strong>nisi</strong></span> <span class='ocrx_word' id='word_1_189' title='bbox 878 2111 956 2188; x_wconf 83' lang='lat' dir='ltr'><strong>qnod</strong></span> <span class='ocrx_word' id='word_1_190' title='bbox 978 2114 1138 2188; x_wconf 87' lang='lat' dir='ltr'><strong>posteriore</strong></span> <span class='ocrx_word' id='word_1_191' title='bbox 1159 2123 1289 2186; x_wconf 83' lang='lat' dir='ltr'><strong>tempore</strong></span> <span class='ocrx_word' id='word_1_192' title='bbox 1309 2112 1387 2171; x_wconf 88' lang='lat' dir='ltr'><strong>dice·</strong></span> 
     </span>
    </p>
   </div>
   <div class='ocr_carea' id='block_1_8' title="bbox 348 2184 1387 2439">
    <p class='ocr_par' dir='ltr' id='par_1_9' title="bbox 348 2184 1387 2439">
     <span class='ocr_line' id='line_1_23' title="bbox 348 2184 1387 2270; baseline 0.001 -15"><span class='ocrx_word' id='word_1_193' title='bbox 348 2203 432 2256; x_wconf 85' lang='lat' dir='ltr'><strong>rstur</strong></span> <span class='ocrx_word' id='word_1_194' title='bbox 451 2193 593 2254; x_wconf 77' lang='lat' dir='ltr'><strong>allectiva</strong></span> <span class='ocrx_word' id='word_1_195' title='bbox 614 2184 708 2268; x_wconf 72' lang='lat' dir='ltr'><strong>titia,</strong></span> <span class='ocrx_word' id='word_1_196' title='bbox 730 2195 853 2255; x_wconf 84' lang='lat' dir='ltr'><strong>eandem</strong></span> <span class='ocrx_word' id='word_1_197' title='bbox 874 2205 971 2255; x_wconf 88' lang='lat' dir='ltr'><strong>tamen</strong></span> <span class='ocrx_word' id='word_1_198' title='bbox 991 2204 1138 2255; x_wconf 87' lang='lat' dir='ltr'><strong>accentum</strong></span> <span class='ocrx_word' id='word_1_199' title='bbox 1159 2215 1198 2255; x_wconf 84' lang='lat' dir='ltr'><strong>ex</strong></span> <span class='ocrx_word' id='word_1_200' title='bbox 1211 2197 1387 2270; x_wconf 81' lang='lat' dir='ltr'><strong>antiquitate</strong></span> 
     </span>
     <span class='ocr_line' id='line_1_24' title="bbox 348 2277 1386 2356; baseline -0.002 -16"><span class='ocrx_word' id='word_1_201' title='bbox 348 2281 504 2340; x_wconf 75' lang='lat' dir='ltr'><strong>retinuisse</strong></span> <span class='ocrx_word' id='word_1_202' title='bbox 524 2277 650 2337; x_wconf 82' lang='lat' dir='ltr'><strong>vidimus</strong></span> <span class='ocrx_word' id='word_1_203' title='bbox 672 2299 761 2354; x_wconf 86' lang='lat' dir='ltr'><strong>supra</strong></span> <span class='ocrx_word' id='word_1_204' title='bbox 781 2301 810 2355; x_wconf 84' lang='lat' dir='ltr'><strong>p.</strong></span> <span class='ocrx_word' id='word_1_205' title='bbox 834 2279 853 2338; x_wconf 91' lang='lat' dir='ltr'><strong>l&#39;</strong></span> <span class='ocrx_word' id='word_1_206' title='bbox 874 2301 919 2356; x_wconf 86' lang='lat' dir='ltr'><strong>eq.</strong></span> <span class='ocrx_word' id='word_1_207' title='bbox 942 2311 1000 2354; x_wconf 84' lang='lat'><strong>-,</strong></span> <span class='ocrx_word' id='word_1_208' title='bbox 1031 2279 1083 2339; x_wconf 88' lang='lat' dir='ltr'><strong>sed</strong></span> <span class='ocrx_word' id='word_1_209' title='bbox 1102 2278 1135 2339; x_wconf 88' lang='lat' dir='ltr'><strong>id</strong></span> <span class='ocrx_word' id='word_1_210' title='bbox 1155 2289 1253 2338; x_wconf 87' lang='lat' dir='ltr'><strong>tamen</strong></span> <span class='ocrx_word' id='word_1_211' title='bbox 1274 2281 1386 2338; x_wconf 56' lang='lat' dir='ltr'><strong>obtine</strong></span> 
     </span>
     <span class='ocr_line' id='line_1_25' title="bbox 349 2361 1387 2439; baseline -0.002 -15"><span class='ocrx_word' id='word_1_212' title='bbox 349 2365 444 2424; x_wconf 81' lang='lat' dir='ltr'><strong>bimus</strong></span> <span class='ocrx_word' id='word_1_213' title='bbox 461 2361 563 2439; x_wconf 77' lang='lat' dir='ltr'><strong>facile,</strong></span> <span class='ocrx_word' id='word_1_214' title='bbox 588 2381 677 2437; x_wconf 88' lang='lat' dir='ltr'><strong>possa</strong></span> <span class='ocrx_word' id='word_1_215' title='bbox 698 2383 737 2422; x_wconf 87' lang='lat' dir='ltr'><strong>ex</strong></span> <span class='ocrx_word' id='word_1_216' title='bbox 757 2363 811 2424; x_wconf 86' lang='lat' dir='ltr'><strong>hnc</strong></span> <span class='ocrx_word' id='word_1_217' title='bbox 831 2367 925 2439; x_wconf 89' lang='lat' dir='ltr'><strong>prima</strong></span> <span class='ocrx_word' id='word_1_218' title='bbox 944 2365 1060 2438; x_wconf 81' lang='lat' dir='ltr'><strong>origine</strong></span> <span class='ocrx_word' id='word_1_219' title='bbox 1080 2383 1180 2423; x_wconf 86' lang='lat' dir='ltr'><strong>omnes</strong></span> <span class='ocrx_word' id='word_1_220' title='bbox 1201 2363 1294 2438; x_wconf 85' lang='lat' dir='ltr'><strong>locos,</strong></span> <span class='ocrx_word' id='word_1_221' title='bbox 1322 2363 1387 2422; x_wconf 83' lang='lat' dir='ltr'><strong>ubi·</strong></span> 
     </span>
    </p>
   </div>
   <div class='ocr_carea' id='block_1_9' title="bbox 255 2444 1475 2606">
    <p class='ocr_par' dir='ltr' id='par_1_10' title="bbox 255 2444 1475 2606">
     <span class='ocr_line' id='line_1_26' title="bbox 255 2444 1387 2530; baseline -0.004 -22"><span class='ocrx_word' id='word_1_222' title='bbox 255 2525 257 2530; x_wconf 94' lang='lat'><strong>.</strong></span> <span class='ocrx_word' id='word_1_223' title='bbox 348 2466 473 2522; x_wconf 82' lang='lat' dir='ltr'><strong>cumque</strong></span> <span class='ocrx_word' id='word_1_224' title='bbox 492 2445 549 2505; x_wconf 80' lang='lat' dir='ltr'><strong>lone</strong></span> <span class='ocrx_word' id='word_1_225' title='bbox 567 2446 727 2522; x_wconf 84' lang='lat' dir='ltr'><strong>particulae</strong></span> <span class='ocrx_word' id='word_1_226' title='bbox 746 2450 914 2508; x_wconf 90' lang='lat' dir='ltr'><strong>coniunctae</strong></span> <span class='ocrx_word' id='word_1_227' title='bbox 928 2448 1074 2523; x_wconf 72' lang='lat' dir='ltr'><strong>legantur,</strong></span> <span class='ocrx_word' id='word_1_228' title='bbox 1094 2444 1220 2506; x_wconf 79' lang='lat' dir='ltr'><strong>dilucide</strong></span> <span class='ocrx_word' id='word_1_229' title='bbox 1232 2447 1387 2522; x_wconf 82' lang='lat' dir='ltr'><strong>explicari,</strong></span> 
     </span>
     <span class='ocr_line' id='line_1_27' title="bbox 350 2529 1475 2606; baseline -0.001 -15"><span class='ocrx_word' id='word_1_230' title='bbox 350 2533 440 2591; x_wconf 85' lang='lat' dir='ltr'><strong>etiem</strong></span> <span class='ocrx_word' id='word_1_231' title='bbox 460 2549 529 2605; x_wconf 86' lang='lat' dir='ltr'><strong>eos,</strong></span> <span class='ocrx_word' id='word_1_232' title='bbox 550 2531 655 2606; x_wconf 83' lang='lat' dir='ltr'><strong>quibus</strong></span> <span class='ocrx_word' id='word_1_233' title='bbox 675 2529 724 2591; x_wconf 82' lang='lat' dir='ltr'><strong>val</strong></span> <span class='ocrx_word' id='word_1_234' title='bbox 743 2551 881 2590; x_wconf 81' lang='lat' dir='ltr'><strong>maxuma</strong></span> <span class='ocrx_word' id='word_1_235' title='bbox 900 2534 1080 2606; x_wconf 76' lang='lat' dir='ltr'><strong>grammatici</strong></span> <span class='ocrx_word' id='word_1_236' title='bbox 1100 2534 1146 2589; x_wconf 90' lang='lat' dir='ltr'><strong>usi</strong></span> <span class='ocrx_word' id='word_1_237' title='bbox 1167 2532 1237 2604; x_wconf 89' lang='lat' dir='ltr'><strong>siut,</strong></span> <span class='ocrx_word' id='word_1_238' title='bbox 1258 2539 1291 2588; x_wconf 92' lang='lat' dir='ltr'><strong>nt</strong></span> <span class='ocrx_word' id='word_1_239' title='bbox 1311 2529 1387 2590; x_wconf 85' lang='lat' dir='ltr'><strong>lanc</strong></span> <span class='ocrx_word' id='word_1_240' title='bbox 1474 2573 1475 2590; x_wconf 52' lang='grc' dir='ltr'>ι</span> 
     </span>
    </p>
   </div>
   <div class='ocr_carea' id='block_1_10' title="bbox 254 2612 1392 4210">
    <p class='ocr_par' dir='ltr' id='par_1_11' title="bbox 254 2612 1392 4210">
     <span class='ocr_line' id='line_1_28' title="bbox 350 2612 1386 2691; baseline -0.004 -15"><span class='ocrx_word' id='word_1_241' title='bbox 350 2616 525 2676; x_wconf 68' lang='lat' dir='ltr'><strong>mannam</strong></span> <span class='ocrx_word' id='word_1_242' title='bbox 543 2613 760 2691; x_wconf 75' lang='lat' dir='ltr'><strong>redarguerent.</strong></span> <span class='ocrx_word' id='word_1_243' title='bbox 802 2612 858 2674; x_wconf 89' lang='lat' dir='ltr'><strong>Sin</strong></span> <span class='ocrx_word' id='word_1_244' title='bbox 880 2619 1031 2676; x_wconf 86' lang='lat' dir='ltr'><strong>statuimus</strong></span> <span class='ocrx_word' id='word_1_245' title='bbox 1053 2615 1260 2690; x_wconf 80' lang='lat' dir='ltr'><strong>particularum</strong></span> <span class='ocrx_word' id='word_1_246' title='bbox 1280 2613 1386 2674; x_wconf 85' lang='lat' dir='ltr'><strong>harum</strong></span> 
     </span>
     <span class='ocr_line' id='line_1_29' title="bbox 348 2689 1385 2782; baseline -0.004 -22"><span class='ocrx_word' id='word_1_247' title='bbox 348 2700 440 2760; x_wconf 82' lang='lat' dir='ltr'><strong>verba</strong></span> <span class='ocrx_word' id='word_1_248' title='bbox 461 2689 546 2764; x_wconf 68' lang='lat' dir='ltr'><strong>illd</strong></span> <span class='ocrx_word' id='word_1_249' title='bbox 568 2705 597 2758; x_wconf 89' lang='lat' dir='ltr'><strong>ct</strong></span> <span class='ocrx_word' id='word_1_250' title='bbox 618 2691 638 2782; x_wconf 77' lang='grc' dir='ltr'>ἢ</span> <span class='ocrx_word' id='word_1_251' title='bbox 660 2699 850 2758; x_wconf 85' lang='lat' dir='ltr'><strong>fundamenta</strong></span> <span class='ocrx_word' id='word_1_252' title='bbox 870 2721 950 2776; x_wconf 85' lang='lat' dir='ltr'><strong>csse,</strong></span> <span class='ocrx_word' id='word_1_253' title='bbox 978 2697 1050 2759; x_wconf 84' lang='lat' dir='ltr'><strong>laec</strong></span> <span class='ocrx_word' id='word_1_254' title='bbox 1070 2697 1237 2774; x_wconf 85' lang='lat' dir='ltr'><strong>explicandi</strong></span> <span class='ocrx_word' id='word_1_255' title='bbox 1258 2700 1334 2757; x_wconf 86' lang='lat' dir='ltr'><strong>ratio</strong></span> <span class='ocrx_word' id='word_1_256' title='bbox 1356 2705 1385 2758; x_wconf 89' lang='lat' dir='ltr'><strong>et</strong></span> 
     </span>
     <span class='ocr_line' id='line_1_30' title="bbox 349 2783 1386 2860; baseline -0.004 -17"><span class='ocrx_word' id='word_1_257' title='bbox 349 2803 405 2860; x_wconf 87' lang='lat' dir='ltr'><strong>per</strong></span> <span class='ocrx_word' id='word_1_258' title='bbox 425 2803 457 2843; x_wconf 89' lang='lat' dir='ltr'><strong>se</strong></span> <span class='ocrx_word' id='word_1_259' title='bbox 478 2802 547 2841; x_wconf 86' lang='lat' dir='ltr'><strong>sanc</strong></span> <span class='ocrx_word' id='word_1_260' title='bbox 567 2785 642 2841; x_wconf 88' lang='lat' dir='ltr'><strong>mira</strong></span> <span class='ocrx_word' id='word_1_261' title='bbox 663 2791 750 2858; x_wconf 79' lang='lat' dir='ltr'><strong>atque</strong></span> <span class='ocrx_word' id='word_1_262' title='bbox 769 2785 986 2859; x_wconf 85' lang='lat' dir='ltr'><strong>inexplicabilis</strong></span> <span class='ocrx_word' id='word_1_263' title='bbox 1008 2803 1075 2844; x_wconf 84' lang='lat' dir='ltr'><strong>essa</strong></span> <span class='ocrx_word' id='word_1_264' title='bbox 1096 2783 1212 2843; x_wconf 81' lang='lat' dir='ltr'><strong>videtur</strong></span> <span class='ocrx_word' id='word_1_265' title='bbox 1232 2790 1278 2856; x_wconf 82' lang='lat' dir='ltr'><strong>et,</strong></span> <span class='ocrx_word' id='word_1_266' title='bbox 1299 2785 1327 2842; x_wconf 90' lang='lat' dir='ltr'><strong>si</strong></span> <span class='ocrx_word' id='word_1_267' title='bbox 1348 2783 1386 2841; x_wconf 84' lang='lat' dir='ltr'><strong>sit</strong></span> 
     </span>
     <span class='ocr_line' id='line_1_31' title="bbox 350 2865 1385 2942; baseline 0.002 -18"><span class='ocrx_word' id='word_1_268' title='bbox 350 2867 428 2939; x_wconf 88' lang='lat' dir='ltr'><strong>ulla,</strong></span> <span class='ocrx_word' id='word_1_269' title='bbox 455 2886 516 2924; x_wconf 91' lang='lat' dir='ltr'><strong>nou</strong></span> <span class='ocrx_word' id='word_1_270' title='bbox 537 2875 633 2925; x_wconf 83' lang='lat' dir='ltr'><strong>tamen</strong></span> <span class='ocrx_word' id='word_1_271' title='bbox 655 2869 743 2925; x_wconf 80' lang='lat' dir='ltr'><strong>ctiam</strong></span> <span class='ocrx_word' id='word_1_272' title='bbox 764 2869 899 2925; x_wconf 85' lang='lat' dir='ltr'><strong>omnibns</strong></span> <span class='ocrx_word' id='word_1_273' title='bbox 918 2865 965 2925; x_wconf 78' lang='lat' dir='ltr'><strong>lais</strong></span> <span class='ocrx_word' id='word_1_274' title='bbox 984 2867 1074 2942; x_wconf 86' lang='lat' dir='ltr'><strong>locis,</strong></span> <span class='ocrx_word' id='word_1_275' title='bbox 1095 2868 1145 2938; x_wconf 84' lang='lat' dir='ltr'><strong>nbi</strong></span> <span class='ocrx_word' id='word_1_276' title='bbox 1165 2865 1310 2926; x_wconf 80' lang='lat' dir='ltr'><strong>habentur</strong></span> <span class='ocrx_word' id='word_1_277' title='bbox 1328 2865 1385 2926; x_wconf 84' lang='lat' dir='ltr'><strong>lsae</strong></span> 
     </span>
     <span class='ocr_line' id='line_1_32' title="bbox 350 2947 1387 3027; baseline 0 -19"><span class='ocrx_word' id='word_1_278' title='bbox 350 2947 525 3026; x_wconf 84' lang='lat' dir='ltr'><strong>particulae,</strong></span> <span class='ocrx_word' id='word_1_279' title='bbox 546 2947 679 3007; x_wconf 82' lang='lat' dir='ltr'><strong>adhiberi</strong></span> <span class='ocrx_word' id='word_1_280' title='bbox 698 2957 805 3025; x_wconf 86' lang='lat' dir='ltr'><strong>potest,</strong></span> <span class='ocrx_word' id='word_1_281' title='bbox 826 2957 859 3007; x_wconf 90' lang='lat' dir='ltr'><strong>nt</strong></span> <span class='ocrx_word' id='word_1_282' title='bbox 878 2952 948 3027; x_wconf 86' lang='lat' dir='ltr'><strong>iam,</strong></span> <span class='ocrx_word' id='word_1_283' title='bbox 969 2958 1035 3010; x_wconf 89' lang='lat' dir='ltr'><strong>ntra</strong></span> <span class='ocrx_word' id='word_1_284' title='bbox 1053 2953 1151 3012; x_wconf 81' lang='lat' dir='ltr'><strong>verior</strong></span> <span class='ocrx_word' id='word_1_285' title='bbox 1170 2954 1209 3010; x_wconf 89' lang='lat' dir='ltr'><strong>sit</strong></span> <span class='ocrx_word' id='word_1_286' title='bbox 1228 2952 1387 3026; x_wconf 84' lang='lat' dir='ltr'><strong>sententia,</strong></span> 
     </span>
     <span class='ocr_line' id='line_1_33' title="bbox 350 3032 1387 3110; baseline 0.002 -19"><span class='ocrx_word' id='word_1_287' title='bbox 350 3041 383 3091; x_wconf 92' lang='lat' dir='ltr'><strong>ut</strong></span> <span class='ocrx_word' id='word_1_288' title='bbox 402 3033 504 3107; x_wconf 88' lang='lat' dir='ltr'><strong>opinio</strong></span> <span class='ocrx_word' id='word_1_289' title='bbox 525 3051 591 3092; x_wconf 83' lang='lat' dir='ltr'><strong>meo</strong></span> <span class='ocrx_word' id='word_1_290' title='bbox 610 3032 679 3107; x_wconf 79' lang='lat' dir='ltr'><strong>dart,</strong></span> <span class='ocrx_word' id='word_1_291' title='bbox 697 3035 806 3109; x_wconf 79' lang='lat' dir='ltr'><strong>ambigi</strong></span> <span class='ocrx_word' id='word_1_292' title='bbox 827 3055 887 3094; x_wconf 93' lang='lat' dir='ltr'><strong>non</strong></span> <span class='ocrx_word' id='word_1_293' title='bbox 906 3037 1011 3110; x_wconf 84' lang='lat' dir='ltr'><strong>possit.</strong></span> <span class='ocrx_word' id='word_1_294' title='bbox 1052 3033 1102 3095; x_wconf 86' lang='lat' dir='ltr'><strong>Ac</strong></span> <span class='ocrx_word' id='word_1_295' title='bbox 1120 3038 1250 3110; x_wconf 84' lang='lat' dir='ltr'><strong>primum</strong></span> <span class='ocrx_word' id='word_1_296' title='bbox 1267 3033 1387 3110; x_wconf 88' lang='lat' dir='ltr'><strong>quidem</strong></span> 
     </span>
     <span class='ocr_line' id='line_1_34' title="bbox 349 3112 1388 3196; baseline 0.002 -20"><span class='ocrx_word' id='word_1_297' title='bbox 349 3118 458 3176; x_wconf 77' lang='grc' dir='ltr'>ιιιίιιιιιι</span> <span class='ocrx_word' id='word_1_298' title='bbox 482 3112 555 3175; x_wconf 83' lang='lat' dir='ltr'><strong>mili</strong></span> <span class='ocrx_word' id='word_1_299' title='bbox 582 3116 799 3194; x_wconf 83' lang='lat' dir='ltr'><strong>videturesse,</strong></span> <span class='ocrx_word' id='word_1_300' title='bbox 828 3121 852 3178; x_wconf 94' lang='lat' dir='ltr'><strong>si</strong></span> <span class='ocrx_word' id='word_1_301' title='bbox 874 3116 998 3196; x_wconf 83' lang='lat' dir='ltr'><strong>Gmeci,</strong></span> <span class='ocrx_word' id='word_1_302' title='bbox 1024 3122 1076 3196; x_wconf 86' lang='lat' dir='ltr'><strong>qui</strong></span> <span class='ocrx_word' id='word_1_303' title='bbox 1096 3139 1155 3178; x_wconf 92' lang='lat' dir='ltr'><strong>non</strong></span> <span class='ocrx_word' id='word_1_304' title='bbox 1175 3119 1308 3178; x_wconf 86' lang='lat' dir='ltr'><strong>inferunt</strong></span> <span class='ocrx_word' id='word_1_305' title='bbox 1328 3121 1388 3178; x_wconf 83' lang='lat' dir='ltr'><strong>nisi</strong></span> 
     </span>
     <span class='ocr_line' id='line_1_35' title="bbox 350 3189 1388 3278; baseline 0 -16"><span class='ocrx_word' id='word_1_306' title='bbox 350 3221 418 3262; x_wconf 88' lang='lat' dir='ltr'><strong>raro</strong></span> <span class='ocrx_word' id='word_1_307' title='bbox 444 3207 511 3276; x_wconf 87' lang='lat' dir='ltr'><strong>post</strong></span> <span class='ocrx_word' id='word_1_308' title='bbox 538 3189 635 3265; x_wconf 74' lang='grc' dir='ltr'><em>οὐδὲν</em></span> <span class='ocrx_word' id='word_1_309' title='bbox 659 3203 693 3260; x_wconf 90' lang='lat' dir='ltr'><strong>in</strong></span> <span class='ocrx_word' id='word_1_310' title='bbox 720 3202 784 3260; x_wconf 89' lang='lat' dir='ltr'><strong>eius</strong></span> <span class='ocrx_word' id='word_1_311' title='bbox 804 3203 883 3262; x_wconf 89' lang='lat' dir='ltr'><strong>modi</strong></span> <span class='ocrx_word' id='word_1_312' title='bbox 905 3205 975 3263; x_wconf 90' lang='lat' dir='ltr'><strong>locis</strong></span> <span class='ocrx_word' id='word_1_313' title='bbox 994 3195 1080 3267; x_wconf 80' lang='grc' dir='ltr'><strong><em>ἀλλὰ</em></strong></span> <span class='ocrx_word' id='word_1_314' title='bbox 1099 3203 1269 3278; x_wconf 79' lang='lat' dir='ltr'><strong>particulam</strong></span> <span class='ocrx_word' id='word_1_315' title='bbox 1290 3221 1388 3278; x_wconf 84' lang='lat' dir='ltr'><strong>neque</strong></span> 
     </span>
     <span class='ocr_line' id='line_1_36' title="bbox 349 3279 1390 3364; baseline 0 -20"><span class='ocrx_word' id='word_1_316' title='bbox 349 3285 383 3344; x_wconf 88' lang='lat' dir='ltr'><strong>id</strong></span> <span class='ocrx_word' id='word_1_317' title='bbox 408 3279 535 3360; x_wconf 81' lang='lat' dir='ltr'><strong>iaciunt,</strong></span> <span class='ocrx_word' id='word_1_318' title='bbox 560 3285 619 3344; x_wconf 88' lang='lat' dir='ltr'><strong>nisi</strong></span> <span class='ocrx_word' id='word_1_319' title='bbox 640 3287 691 3345; x_wconf 83' lang='lat' dir='ltr'><strong>ubi</strong></span> <span class='ocrx_word' id='word_1_320' title='bbox 711 3287 771 3344; x_wconf 88' lang='lat' dir='ltr'><strong>iam</strong></span> <span class='ocrx_word' id='word_1_321' title='bbox 787 3307 903 3347; x_wconf 88' lang='lat' dir='ltr'><strong>omnem</strong></span> <span class='ocrx_word' id='word_1_322' title='bbox 921 3290 966 3346; x_wconf 87' lang='lat' dir='ltr'><strong>rei</strong></span> <span class='ocrx_word' id='word_1_323' title='bbox 985 3289 1231 3364; x_wconf 83' lang='lat' dir='ltr'><strong>comparationem</strong></span> <span class='ocrx_word' id='word_1_324' title='bbox 1242 3288 1390 3345; x_wconf 52' lang='lat' dir='ltr'><strong>&#39;omittunt</strong></span> 
     </span>
     <span class='ocr_line' id='line_1_37' title="bbox 351 3369 1387 3446; baseline 0.002 -18"><span class='ocrx_word' id='word_1_325' title='bbox 351 3373 515 3428; x_wconf 82' lang='lat' dir='ltr'><strong>attentum</strong></span> <span class='ocrx_word' id='word_1_326' title='bbox 533 3369 620 3428; x_wconf 85' lang='lat' dir='ltr'><strong>modo</strong></span> <span class='ocrx_word' id='word_1_327' title='bbox 640 3369 762 3446; x_wconf 87' lang='lat' dir='ltr'><strong>aliquid,</strong></span> <span class='ocrx_word' id='word_1_328' title='bbox 783 3371 861 3445; x_wconf 85' lang='lat' dir='ltr'><strong>qnod</strong></span> <span class='ocrx_word' id='word_1_329' title='bbox 882 3369 1027 3432; x_wconf 84' lang='lat' dir='ltr'><strong>diversum</strong></span> <span class='ocrx_word' id='word_1_330' title='bbox 1047 3373 1203 3445; x_wconf 74' lang='lat' dir='ltr'><strong>sitalco,</strong></span> <span class='ocrx_word' id='word_1_331' title='bbox 1223 3371 1300 3446; x_wconf 88' lang='lat' dir='ltr'><strong>qnod</strong></span> <span class='ocrx_word' id='word_1_332' title='bbox 1318 3379 1387 3430; x_wconf 88' lang='lat' dir='ltr'><strong>ante</strong></span> 
     </span>
     <span class='ocr_line' id='line_1_38' title="bbox 254 3443 1388 3538; baseline 0.004 -28"><span class='ocrx_word' id='word_1_333' title='bbox 254 3493 258 3496; x_wconf 95' lang='lat'>-</span> <span class='ocrx_word' id='word_1_334' title='bbox 350 3451 460 3511; x_wconf 85' lang='lat' dir='ltr'><strong>dictum</strong></span> <span class='ocrx_word' id='word_1_335' title='bbox 479 3457 535 3526; x_wconf 83' lang='lat' dir='ltr'><strong>cst,</strong></span> <span class='ocrx_word' id='word_1_336' title='bbox 558 3450 708 3529; x_wconf 85' lang='lat' dir='ltr'><strong>adiiciunt,</strong></span> <span class='ocrx_word' id='word_1_337' title='bbox 725 3453 758 3512; x_wconf 92' lang='lat' dir='ltr'><strong>id</strong></span> <span class='ocrx_word' id='word_1_338' title='bbox 778 3454 912 3514; x_wconf 84' lang='lat' dir='ltr'><strong>adiuncta</strong></span> <span class='ocrx_word' id='word_1_339' title='bbox 931 3457 1072 3532; x_wconf 85' lang='lat' dir='ltr'><strong>particula</strong></span> <span class='ocrx_word' id='word_1_340' title='bbox 1091 3443 1123 3538; x_wconf 72' lang='grc' dir='ltr'><strong>ἢ,</strong></span> <span class='ocrx_word' id='word_1_341' title='bbox 1144 3458 1224 3513; x_wconf 85' lang='lat' dir='ltr'><strong>caius</strong></span> <span class='ocrx_word' id='word_1_342' title='bbox 1241 3456 1283 3514; x_wconf 88' lang='lat' dir='ltr'><strong>sic</strong></span> <span class='ocrx_word' id='word_1_343' title='bbox 1299 3454 1388 3528; x_wconf 85' lang='lat' dir='ltr'><strong>plena</strong></span> 
     </span>
     <span class='ocr_line' id='line_1_39' title="bbox 350 3534 1389 3612; baseline 0.006 -20"><span class='ocrx_word' id='word_1_344' title='bbox 350 3534 433 3593; x_wconf 78' lang='lat' dir='ltr'><strong>nulla</strong></span> <span class='ocrx_word' id='word_1_345' title='bbox 452 3535 498 3592; x_wconf 76' lang='lat' dir='ltr'><strong>iis</strong></span> <span class='ocrx_word' id='word_1_346' title='bbox 517 3541 605 3609; x_wconf 82' lang='lat' dir='ltr'><strong>esset,</strong></span> <span class='ocrx_word' id='word_1_347' title='bbox 626 3542 685 3594; x_wconf 81' lang='lat' dir='ltr'><strong>tarn</strong></span> <span class='ocrx_word' id='word_1_348' title='bbox 703 3555 790 3611; x_wconf 86' lang='lat' dir='ltr'><strong>saepe</strong></span> <span class='ocrx_word' id='word_1_349' title='bbox 810 3539 942 3612; x_wconf 78' lang='lat' dir='ltr'><strong>iecerint,</strong></span> <span class='ocrx_word' id='word_1_350' title='bbox 962 3549 995 3600; x_wconf 93' lang='lat' dir='ltr'><strong>nt</strong></span> <span class='ocrx_word' id='word_1_351' title='bbox 1013 3541 1187 3599; x_wconf 88' lang='lat' dir='ltr'><strong>constructio</strong></span> <span class='ocrx_word' id='word_1_352' title='bbox 1200 3538 1251 3597; x_wconf 89' lang='lat' dir='ltr'><strong>ills</strong></span> <span class='ocrx_word' id='word_1_353' title='bbox 1267 3537 1389 3612; x_wconf 87' lang='lat' dir='ltr'><strong>quidem</strong></span> 
     </span>
     <span class='ocr_line' id='line_1_40' title="bbox 351 3613 1390 3686; baseline 0.002 -7"><span class='ocrx_word' id='word_1_354' title='bbox 351 3637 423 3679; x_wconf 85' lang='lat' dir='ltr'><strong>saue</strong></span> <span class='ocrx_word' id='word_1_355' title='bbox 440 3618 638 3677; x_wconf 80' lang='lat' dir='ltr'><strong>mitatiesnma</strong></span> <span class='ocrx_word' id='word_1_356' title='bbox 652 3618 721 3678; x_wconf 82' lang='lat' dir='ltr'><strong>linc</strong></span> <span class='ocrx_word' id='word_1_357' title='bbox 734 3623 904 3682; x_wconf 84' lang='lat' dir='ltr'><strong>uatafnerit</strong></span> <span class='ocrx_word' id='word_1_358' title='bbox 918 3613 986 3686; x_wconf 77' lang='grc' dir='ltr'><strong>ἀλλ’</strong></span> <span class='ocrx_word' id='word_1_359' title='bbox 1016 3615 1032 3682; x_wconf 86' lang='lat'><strong>&#39;.</strong></span> <span class='ocrx_word' id='word_1_360' title='bbox 1063 3621 1181 3682; x_wconf 88' lang='lat' dir='ltr'><strong>Deinde</strong></span> <span class='ocrx_word' id='word_1_361' title='bbox 1195 3625 1284 3681; x_wconf 87' lang='lat' dir='ltr'><strong>etiam</strong></span> <span class='ocrx_word' id='word_1_362' title='bbox 1297 3621 1390 3681; x_wconf 88' lang='lat' dir='ltr'><strong>intel·</strong></span> 
     </span>
     <span class='ocr_line' id='line_1_41' title="bbox 348 3697 1389 3791; baseline 0.004 -27"><span class='ocrx_word' id='word_1_363' title='bbox 348 3703 411 3780; x_wconf 72' lang='lat' dir='ltr'><strong>lagi</strong></span> <span class='ocrx_word' id='word_1_364' title='bbox 423 3720 483 3760; x_wconf 90' lang='lat' dir='ltr'><strong>uon</strong></span> <span class='ocrx_word' id='word_1_365' title='bbox 496 3708 604 3778; x_wconf 88' lang='lat' dir='ltr'><strong>potest,</strong></span> <span class='ocrx_word' id='word_1_366' title='bbox 614 3705 666 3780; x_wconf 82' lang='lat' dir='ltr'><strong>qni</strong></span> <span class='ocrx_word' id='word_1_367' title='bbox 679 3703 754 3764; x_wconf 86' lang='lat' dir='ltr'><strong>duas</strong></span> <span class='ocrx_word' id='word_1_368' title='bbox 767 3707 926 3781; x_wconf 86' lang='lat' dir='ltr'><strong>particulae</strong></span> <span class='ocrx_word' id='word_1_369' title='bbox 939 3697 1023 3770; x_wconf 81' lang='grc' dir='ltr'><strong><em>ἄλλα</em></strong></span> <span class='ocrx_word' id='word_1_370' title='bbox 1033 3715 1063 3766; x_wconf 86' lang='lat' dir='ltr'><strong>st</strong></span> <span class='ocrx_word' id='word_1_371' title='bbox 1076 3698 1095 3791; x_wconf 79' lang='grc' dir='ltr'>ἢ</span> <span class='ocrx_word' id='word_1_372' title='bbox 1107 3709 1139 3766; x_wconf 94' lang='lat' dir='ltr'><strong>in</strong></span> <span class='ocrx_word' id='word_1_373' title='bbox 1149 3705 1197 3767; x_wconf 80' lang='lat' dir='ltr'><strong>his</strong></span> <span class='ocrx_word' id='word_1_374' title='bbox 1208 3707 1279 3765; x_wconf 90' lang='lat' dir='ltr'><strong>locis</strong></span> <span class='ocrx_word' id='word_1_375' title='bbox 1290 3706 1389 3768; x_wconf 85' lang='lat' dir='ltr'><strong>locum</strong></span> 
     </span>
     <span class='ocr_line' id='line_1_42' title="bbox 349 3783 1390 3867; baseline -0.001 -19"><span class='ocrx_word' id='word_1_376' title='bbox 349 3783 460 3848; x_wconf 70' lang='lat' dir='ltr'><strong>tencre</strong></span> <span class='ocrx_word' id='word_1_377' title='bbox 475 3788 600 3862; x_wconf 87' lang='lat' dir='ltr'><strong>possint.</strong></span> <span class='ocrx_word' id='word_1_378' title='bbox 641 3784 718 3847; x_wconf 88' lang='lat' dir='ltr'><strong>Nam</strong></span> <span class='ocrx_word' id='word_1_379' title='bbox 735 3793 786 3865; x_wconf 82' lang='lat' dir='ltr'><strong>qni</strong></span> <span class='ocrx_word' id='word_1_380' title='bbox 804 3792 902 3850; x_wconf 91' lang='lat' dir='ltr'><strong>dicunt</strong></span> <span class='ocrx_word' id='word_1_381' title='bbox 919 3809 982 3851; x_wconf 84' lang='lat' dir='ltr'><strong>csse</strong></span> <span class='ocrx_word' id='word_1_382' title='bbox 997 3791 1117 3850; x_wconf 82' lang='lat' dir='ltr'><strong>duarum</strong></span> <span class='ocrx_word' id='word_1_383' title='bbox 1132 3791 1390 3867; x_wconf 89' lang='lat' dir='ltr'><strong>constructionum,</strong></span> 
     </span>
     <span class='ocr_line' id='line_1_43' title="bbox 351 3869 1388 3952; baseline 0.002 -21"><span class='ocrx_word' id='word_1_384' title='bbox 351 3891 427 3948; x_wconf 86' lang='lat' dir='ltr'><strong>quae</strong></span> <span class='ocrx_word' id='word_1_385' title='bbox 443 3871 576 3948; x_wconf 71' lang='lat' dir='ltr'><strong>singulae</strong></span> <span class='ocrx_word' id='word_1_386' title='bbox 592 3871 689 3932; x_wconf 88' lang='lat' dir='ltr'><strong>locum</strong></span> <span class='ocrx_word' id='word_1_387' title='bbox 708 3869 816 3936; x_wconf 83' lang='lat' dir='ltr'><strong>habers</strong></span> <span class='ocrx_word' id='word_1_388' title='bbox 838 3876 962 3952; x_wconf 87' lang='lat' dir='ltr'><strong>possint,</strong></span> <span class='ocrx_word' id='word_1_389' title='bbox 979 3875 1196 3949; x_wconf 79' lang='lat' dir='ltr'><strong>confusionem,</strong></span> <span class='ocrx_word' id='word_1_390' title='bbox 1214 3869 1247 3933; x_wconf 79' lang='lat' dir='ltr'><strong>ii</strong></span> <span class='ocrx_word' id='word_1_391' title='bbox 1257 3877 1388 3948; x_wconf 89' lang='lat' dir='ltr'><strong>primnm</strong></span> 
     </span>
     <span class='ocr_line' id='line_1_44' title="bbox 349 3953 1389 4036; baseline 0.003 -23"><span class='ocrx_word' id='word_1_392' title='bbox 349 3973 412 4014; x_wconf 78' lang='lat' dir='ltr'><strong>non</strong></span> <span class='ocrx_word' id='word_1_393' title='bbox 432 3953 641 4034; x_wconf 84' lang='lat' dir='ltr'><strong>demonstrent,</strong></span> <span class='ocrx_word' id='word_1_394' title='bbox 663 3976 740 4033; x_wconf 80' lang='lat' dir='ltr'><strong>quaa</strong></span> <span class='ocrx_word' id='word_1_395' title='bbox 758 3979 861 4022; x_wconf 86' lang='lat' dir='ltr'><strong>caussa</strong></span> <span class='ocrx_word' id='word_1_396' title='bbox 879 3961 978 4036; x_wconf 84' lang='lat' dir='ltr'><strong>suerit,</strong></span> <span class='ocrx_word' id='word_1_397' title='bbox 999 3983 1050 4021; x_wconf 88' lang='lat' dir='ltr'><strong>cur</strong></span> <span class='ocrx_word' id='word_1_398' title='bbox 1062 3959 1168 4020; x_wconf 88' lang='lat' dir='ltr'><strong>Gracci</strong></span> <span class='ocrx_word' id='word_1_399' title='bbox 1186 3956 1241 4017; x_wconf 84' lang='lat' dir='ltr'><strong>las</strong></span> <span class='ocrx_word' id='word_1_400' title='bbox 1259 3961 1389 4032; x_wconf 82' lang='lat' dir='ltr'><strong>particu-</strong></span> 
     </span>
     <span class='ocr_line' id='line_1_45' title="bbox 349 4037 1390 4118; baseline 0.007 -23"><span class='ocrx_word' id='word_1_401' title='bbox 349 4037 405 4112; x_wconf 71' lang='lat' dir='ltr'><strong>las,</strong></span> <span class='ocrx_word' id='word_1_402' title='bbox 424 4040 503 4097; x_wconf 89' lang='lat' dir='ltr'><strong>inter</strong></span> <span class='ocrx_word' id='word_1_403' title='bbox 523 4059 555 4098; x_wconf 88' lang='lat' dir='ltr'><strong>se</strong></span> <span class='ocrx_word' id='word_1_404' title='bbox 575 4041 728 4102; x_wconf 88' lang='lat' dir='ltr'><strong>admodum</strong></span> <span class='ocrx_word' id='word_1_405' title='bbox 743 4044 882 4118; x_wconf 76' lang='lat' dir='ltr'><strong>disemos,</strong></span> <span class='ocrx_word' id='word_1_406' title='bbox 903 4044 954 4106; x_wconf 85' lang='lat' dir='ltr'><strong>his</strong></span> <span class='ocrx_word' id='word_1_407' title='bbox 966 4048 998 4104; x_wconf 90' lang='lat' dir='ltr'><strong>in</strong></span> <span class='ocrx_word' id='word_1_408' title='bbox 1013 4045 1084 4104; x_wconf 85' lang='lat' dir='ltr'><strong>locis</strong></span> <span class='ocrx_word' id='word_1_409' title='bbox 1099 4043 1315 4116; x_wconf 84' lang='lat' dir='ltr'><strong>coniunxerint,</strong></span> <span class='ocrx_word' id='word_1_410' title='bbox 1336 4043 1390 4102; x_wconf 83' lang='lat' dir='ltr'><strong>ubi</strong></span> 
     </span>
     <span class='ocr_line' id='line_1_46' title="bbox 349 4122 1392 4210; baseline 0 -24"><span class='ocrx_word' id='word_1_411' title='bbox 349 4122 437 4184; x_wconf 81' lang='lat' dir='ltr'><strong>uuiaa</strong></span> <span class='ocrx_word' id='word_1_412' title='bbox 456 4123 615 4202; x_wconf 84' lang='lat' dir='ltr'><strong>particulae</strong></span> <span class='ocrx_word' id='word_1_413' title='bbox 635 4128 682 4190; x_wconf 77' lang='lat' dir='ltr'><strong>uis</strong></span> <span class='ocrx_word' id='word_1_414' title='bbox 702 4131 784 4210; x_wconf 74' lang='lat' dir='ltr'><strong>sam,</strong></span> <span class='ocrx_word' id='word_1_415' title='bbox 806 4151 894 4207; x_wconf 61' lang='lat' dir='ltr'><strong>mem</strong></span> <span class='ocrx_word' id='word_1_416' title='bbox 914 4129 951 4191; x_wconf 88' lang='lat' dir='ltr'><strong>ad</strong></span> <span class='ocrx_word' id='word_1_417' title='bbox 971 4129 1090 4192; x_wconf 83' lang='lat' dir='ltr'><strong>modum</strong></span> <span class='ocrx_word' id='word_1_418' title='bbox 1108 4127 1200 4192; x_wconf 78' lang='lat' dir='ltr'><strong>uerba</strong></span> <span class='ocrx_word' id='word_1_419' title='bbox 1220 4127 1392 4204; x_wconf 85' lang='lat' dir='ltr'><strong>accipienda</strong></span> 
     </span>
    </p>
   </div>
   <div class='ocr_carea' id='block_1_11' title="bbox 0 0 1496 4588">
    <p class='ocr_par' dir='ltr' id='par_1_12' title="bbox 0 0 1496 4588">
     <span class='ocr_line' id='line_1_47' title="bbox 0 0 1496 4588; baseline 0 0"><span class='ocrx_word' id='word_1_420' title='bbox 0 0 1496 4588; x_wconf 95' lang='lat' dir='ltr'><strong> </strong></span> 
     </span>
    </p>
   </div>
  </div>
 </body>
</html>
