3006 4570
311 209 376 304 aaa
759 173 885 290 deira.

314 401 350 441 eo
377 379 474 436 minua
503 371 668 433 mutandam
687 371 799 450 videri,
830 367 908 449 qnod
938 363 1013 436 ei'ae
1045 373 1081 432 als
1106 372 1209 435 eadem
1229 373 1363 453 origine

303 453 430 523 'ductum
459 459 579 533 dicitur,
603 452 691 530 ‚qood
721 459 780 515 iam
807 458 986 532 comparavit
1010 453 1210 535 Hartnngius,
1241 469 1271 518 et
1293 453 1377 546 δή·-ι

314 549 426 609 secuda
455 541 557 601 eodem
585 539 670 599 modo
691 561 744 616 pro
767 533 939 624 δήπουθεν
961 541 1110 600 invenitor
1130 542 1209 616 epod
1229 540 1361 601 Annam

315 629 418 688 Comn.
449 648 477 701 p.
506 630 577 684 408.
606 621 640 684 C.
668 634 696 683 et
722 625 820 698 ipsum
847 621 1012 698 <traam
1038 625 1168 698 videtur,
1200 647 1215 684 e
1244 623 1361 684 'l'zetra

314 713 379 771 laist.
406 708 439 785 l,
470 713 541 767 892.
569 715 737 782 usurpatum
767 715 821 769 est.
872 647 1054 768 l'osterioree
1084 711 1163 767 enim
1194 700 1359 784 scriptores

315 795 475 852 doctrinam
498 793 530 850 iu
556 794 620 850 eius
642 789 719 849 modi
740 792 827 851 rebus
850 799 996 850 ostentare
1017 791 1161 862 solebant,
1184 792 1251 851 vide
1272 791 1359 852 Har·-

316 877 446 952 tongium
470 874 529 934 rol.
558 872 583 932 l.
610 896 640 950 p.
670 879 741 932 318.
769 871 808 932 L.
830 871 967 931 Diodori.
991 877 1022 933 in
1045 873 1085 932 H:
1109 871 1252 949 Stephani
1276 877 1358 934 utto-

316 979 402 1020 sarrrc
426 961 476 1018 Gr.
499 959 610 1034 linquite
631 957 689 1021 rol.
712 955 751 1017 ll.
780 979 810 1034 p.
835 961 925 1017 1041.
949 956 988 1016 D.
1010 979 1038 1034 p.
1062 961 1152 1022 105³.
1175 956 1215 1018 A.

775 1147 912 1249 Δῆτω

400 1289 469 1348 Νοιι
501 1293 598 1363 potest
629 1285 747 1345 dubium
780 1307 860 1361 esse,
897 1289 969 1362 quin
1001 1285 1086 1370 δῆτα
1115 1287 1255 1362 particula
1289 1289 1357 1363 ipsa

319 1395 435 1450 equoque
457 1393 475 1430 a
495 1369 637 1446 particula
659 1366 698 1454 δὴ
722 1371 805 1430 ducat
825 1367 994 1452 'originemf
1009 1381 1040 1428 ut
1062 1381 1171 1430 tentum
1191 1369 1277 1429 modo
1299 1369 1357 1430 ltoc

320 1455 516 1532 quaerendum
539 1474 604 1514 esee
632 1453 782 1528 videatur,
812 1454 889 1513 unde
916 1456 1029 1515 venerit
1054 1475 1129 1528 quae
1153 1455 1286 1512 adiuncta
1312 1465 1357 1512 eet

319 1545 361 1604 ’ῐῖι
391 1540 516 1616 syllaba.
558 1536 633 1595 Eam
666 1557 722 1614 ego
753 1541 842 1612 supra
864 1559 895 1612 p.
918 1543 970 1596 29.
993 1537 1055 1596 dixi
1078 1558 1144 1597 esse
1165 1541 1280 1613 generis
1303 1535 1357 1596 de·

320 1613 505 1682 monstratisi
526 1620 705 1695 *adlerreque
727 1620 873 1695 quandam
895 1621 1147 1680 demonstrationis
1168 1621 1357 1696 significatio-

320 1728 398 1769 nem.
446 1703 481 1764 Id
509 1724 565 1781 ego
592 1725 669 1784 punc
695 1725 757 1762 non
778 1705 942 1778 comprobo.
983 1702 1059 1764 Nam
1083 1708 1170 1764 etiam
1186 1705 1214 1782 ai
1236 1703 1271 1762 de
1292 1705 1358 1777 ipsa

321 1788 552 1865 significatione,
574 1808 663 1859 quam
684 1784 772 1846 ltabet
794 1787 870 1846 sacta
889 1787 1027 1861 particula
1049 1785 1147 1870 δῆτα,
1170 1789 1257 1845 etiam
1278 1806 1359 1844 nunc

321 1875 353 1932 in
374 1870 476 1930 eadem
497 1871 640 1928 sententia
662 1889 740 1942 sum,
763 1877 858 1928 tamen
879 1870 965 1929 credo
987 1891 1041 1947 ego
1057 1871 1116 1929 alio
1133 1869 1259 1943 quodam
1268 1869 1357 1927 modo

322 1975 387 2014 enm
408 1951 649 2026 significationem
671 1949 851 2024 adsumptam
872 1971 934 2012 esse
956 1975 973 2010 a
997 1953 1154 2028 particula,
1184 1963 1272 2026 atque
1291 1953 1358 2011 tatio

321 2037 420 2099 statui.
463 2031 717 2092 Animadvertiese
742 2037 821 2092 enim
841 2031 914 2092 milui
934 2037 1037 2095 videor
1057 2058 1118 2095 nou
1139 2035 1176 2094 ad
1196 2055 1357 2110 pronomen

322 2119 582 2179 demonstrativum
603 2119 751 2190 pertinere
771 2117 854 2175 illam
876 2118 1021 2195 syllabam
1043 2123 1103 2194 ἴα,
1132 2116 1183 2178 sed
1203 2121 1299 2194 potios
1320 2115 1359 2176 nd

298 2221 486 2280 ‚pronomen
511 2199 705 2259 indefinitum.
748 2198 837 2277 Quod
865 2209 894 2260 et
921 2223 991 2263 usne
1017 2211 1047 2261 et
1068 2203 1143 2260 ratio
1165 2203 1230 2277 ipsa
1252 2201 1358 2260 confir·

322 2306 404 2345 mare
427 2283 549 2344 videtur.
592 2281 640 2344 Ac
663 2282 699 2362 da
722 2285 835 2343 ratione
859 2284 978 2360 quidem
998 2287 1040 2346 sic
1063 2283 1178 2344 habeto.
1216 2280 1357 2345 Vidimus

323 2368 360 2428 ed
382 2365 551 2442 particulam
574 2359 613 2450 δὴ
638 2388 701 2426 cnm
722 2387 882 2442 pronomen
906 2367 1091 2428 indefinitum
1118 2369 1265 2444 lubenter,
1297 2377 1358 2428 tum

323 2451 479 2526 particulas
505 2453 542 2508 ab
571 2449 673 2509 eadem
700 2457 749 2508 aut
771 2451 862 2510 simili
885 2453 998 2528 origine
1026 2451 1122 2510 ductas
1142 2449 1357 2526 adhaerescere,

326 2546 356 2592 ut
379 2527 419 2618 δή
443 2555 510 2610 τις,
543 2525 583 2617 δή
606 2554 656 2610 τι,
688 2525 728 2616 δή
751 2551 819 2610 τοι,
848 2527 888 2618 δή
918 2556 986 2611 που
1009 2537 1046 2594 'et
1069 2543 1232 2611 quaesunt
1252 2533 1358 2592 similia

325 2619 472 2693 dicantur,
503 2637 561 2691 que
588 2617 675 2676 etiam
703 2616 856 2694 quadrabit
883 2617 959 2676 illud
985 2615 1086 2700 δῆτα,
1118 2619 1144 2678 ai
1168 2619 1358 2692 posteriorem

325 2703 471 2778 syllabam
496 2721 664 2759 revocamus
690 2699 727 2760 ad
754 2721 915 2776 pronomen
942 2699 1143 2776 indefinitum,
1172 2701 1250 2775 quod
1281 2710 1357 2760 recta

325 2789 390 2844 lieri
413 2803 497 2859 posse
519 2783 643 2842 videtur.
685 2781 753 2848 Non
773 2785 853 2841 enim
873 2782 997 2842 dubitari
1018 2793 1131 2858 potest,
1153 2785 1225 2858 quin
1244 2795 1359 2858 praeter

326 2865 393 2942 τίς,
426 2857 533 2938 τινός,
561 2859 643 2938 τινί,
673 2857 747 2926 τινά
772 2867 859 2923 etiam
889 2865 948 2924 alia
968 2865 1062 2924 forma
1088 2871 1151 2926 ciue
1177 2868 1357 2942 pronominis

327 2955 447 3022 antiquo
473 2957 604 3020 tempore
631 2949 663 3005 in
688 2967 743 3004 usu
767 2947 874 3022 luerit,
902 2969 977 3024 quae
1005 2951 1061 3009 suit
1082 2943 1156 3025 τός,
1185 2950 1262 3022 unde
1290 2941 1356 3022 eorl,

281 3103 283 3106 Ι
327 3025 387 3114 τῴ,
419 3051 458 3089 ex
490 3049 549 3102 quo
577 3023 630 3092 τοὶ
655 3030 814 3108 particula,
846 3033 870 3090 sl
899 3053 934 3091 ea
956 3043 1000 3092 est
1021 3033 1170 3108 enclitica,
1201 3033 1285 3092 ducta
1305 3041 1357 3106 est,

328 3117 473 3174 manserit.
516 3110 566 3171 Ab
593 3110 647 3171 laec
675 3112 769 3173 forma
792 3118 880 3174 etiam
907 3115 1044 3178 illudio
1065 3117 1180 3175 videtur
1202 3117 1358 3190 proiectum

325 3219 407 3273 esse,
435 3206 466 3257 ut
495 3195 526 3255 id
553 3196 683 3256 adverbii
704 3199 798 3258 vicem
817 3197 922 3258 habeat
940 3208 1101 3274 augeatque
1122 3201 1184 3257 vim
1205 3195 1246 3282 aa}
1269 3199 1358 3273 parti·

325 3283 416 3340 colae.
469 3277 508 3336 Et
538 3279 575 3340 de
607 3282 720 3340 ratione
742 3281 860 3356 quidem
881 3280 1030 3342 hactenus.
1072 3281 1259 3344 Noominus
1281 3284 1358 3340 enim

326 3385 394 3422 usus
416 3372 544 3420 nostram
570 3367 714 3436 rationem
737 3365 924 3440 comprobare
946 3365 1071 3426 videtur.
1114 3363 1250 3440 Namque
1271 3367 1304 3424 in
1325 3385 1358 3424 eo

327 3465 427 3529 nornen
460 3449 660 3522 consentiunt,
697 3441 780 3530 δῆτα
806 3447 977 3522 particulam
1011 3451 1053 3507 ita
1082 3459 1233 3524 cognatam
1265 3447 1357 3507 videri

327 3551 393 3590 cnm
425 3522 464 3612 dr)
486 3520 644 3604 particule,
680 3536 712 3585 ut
739 3549 839 3588 veram
869 3551 904 3588 ac
929 3534 1078 3605 propriam
1100 3531 1180 3592 illius
1203 3531 1359 3608 particulae

327 3611 567 3691 significationem
592 3613 633 3670 sic
653 3609 800 3670 adauctam
824 3611 977 3689 exhibeat,
1005 3625 1035 3673 ut
1059 3615 1285 3674 confirmationis
1310 3613 1359 3673 eli·

327 3697 399 3774 quid
428 3697 582 3756 accessisse
604 3693 744 3754 videatur.
793 3691 854 3756 lete
875 3706 971 3755 autem
995 3685 1195 3776 continuatio,
1222 3695 1360 3774 quem-ad

327 3781 445 3842 modum
465 3801 506 3840 ex
528 3779 703 3856 pronomine
723 3779 949 3841 demonstrativo
971 3785 1050 3842 nasci
1070 3785 1180 3859 potuit,
1205 3786 1248 3842 sic
1268 3781 1360 3854 potuit

328 3869 416 3925 etiam
451 3885 467 3924 e
495 3867 669 3939 pronomine
697 3863 860 3926 indefinito.
908 3863 986 3925 lllnd
1015 3869 1094 3926 enim
1119 3867 1177 3925 iam
1205 3857 1361 3938 aliquoties

328 3950 533 4024 cognovimus,
555 3949 580 4006 si
602 3945 673 4023 quid
698 3969 815 4024 quoquo
836 3948 921 4010 modo
942 3970 1024 4024 esse,
1047 3949 1097 4008 sed
1118 3967 1181 4008 esse
1202 3958 1296 4007 tamen
1319 3945 1360 4004 di-

327 4043 423 4105 cator,
451 4031 483 4089 id
511 4033 616 4090 certine
646 4034 705 4093 iem
728 4053 794 4096 esse
814 4033 921 4095 videri.
963 4031 1008 4092 lta
1033 4033 1122 4090 etiam
1144 4029 1227 4114 δῆια
1248 4027 1361 4092 videtur
