2974 4588
320 232 362 302 to
776 229 901 302 ἀλλά.

318 403 422 466 Latiul
452 412 520 482 post
550 400 706 483 particulas
733 427 791 468 osu
821 406 920 478 aiolo,
951 425 1007 466 eoa
1034 407 1126 467 solum
1147 415 1198 494 pto.
1232 395 1374 472 inierunt

318 488 448 565 simplex
475 491 524 550 aaut
549 511 603 566 pro
630 491 679 552 aaut
703 496 842 552 etium-ot
864 510 939 566 (puae
960 497 1027 550 suot
1049 481 1167 551 similia.
1208 489 1255 552 Ut
1276 516 1374 558 uuum

318 593 461 650 ponamus
489 575 675 650 exemplum,
709 577 818 650 poterit
847 575 1010 650 comparari
1038 571 1253 652 Xenophontis
1285 579 1373 642 locus

318 677 358 718 ox
376 657 609 718 memorabilibus
629 660 759 718 socioso
779 659 831 719 lib.
848 657 872 718 l.
891 656 964 733 Gap.
983 664 1012 718 6.
1030 661 1059 731 ς.
1076 665 1107 717 2.
1138 653 1207 722 Καὶ
1230 653 1373 736 ἱμάτιον

315 731 481 844 ἠμφίεσαι
507 732 548 805 ori
575 733 677 822 μόνον
705 742 848 826 φαῦλον,
877 732 964 804 ἀλλὰ
992 737 1030 804 τὸ
1060 732 1142 804 αὐτὸ
1170 739 1305 828 θέρους
1334 765 1398 810 τε·

316 845 374 888 και
394 822 580 904 χειμῶνος,
609 845 669 901 quo
690 827 722 884 in
744 826 807 885 loco
830 828 886 885 etsi
909 825 966 884 liu
989 827 1101 900 potuit:
1131 813 1220 888 uilici
1245 824 1370 894 norisii

315 900 399 971 αὗταί
427 903 552 990 θέρους
577 929 613 972 τα
642 903 699 972 καί
722 909 900 990 χειμῶνος,
928 915 1025 968 tamen
1046 907 1138 968 multo
1159 913 1286 986 gravius
1312 923 1371 991 est,

315 991 402 1068 quol'
415 993 533 1066 scripsit
554 989 738 1067 Xenophon.
780 990 858 1054 Nam
878 999 1034 1067 postquam
1056 989 1152 1052 disits
1184 990 1259 1060 Καί
1286 989 1370 1073 ἱμά-

313 1095 386 1139 τιον
416 1066 581 1217 ἠμῖίεσαι
613 1067 653 1138 οὗ
684 1067 787 1153 μόνον
819 1073 962 1159 φαῦλον,
994 1076 1102 1150 quibus
1132 1077 1237 1138 vorbis
1270 1080 1371 1141 voluit

312 1159 385 1219 illud
407 1161 458 1234 qui
479 1179 542 1235 em,
567 1157 646 1234 quod
665 1161 763 1218 miuus
782 1177 871 1234 guare
892 1166 983 1234 esset,
1012 1161 1139 1234 primum
1159 1181 1296 1240 ponere,
1325 1168 1370 1224 ita

313 1247 422 1317 tamea,
444 1250 475 1300 ut
496 1261 548 1300 suo
569 1261 690 1302 numero
713 1251 796 1319 esset,
819 1242 923 1302 deiude
944 1245 1086 1318 posterius
1108 1246 1148 1303 ita
1167 1243 1313 1325 adiicere,
1335 1255 1370 1308 ut

312 1328 429 1403 gravius
458 1324 576 1399 quidem
603 1335 695 1402 esset,
726 1347 812 1401 quam
837 1329 935 1402 prius,
964 1325 1014 1386 sel
1035 1335 1131 1386 tameo
1152 1327 1282 1390 alterum
1305 1353 1369 1392 uon

311 1410 400 1484 plano
422 1409 552 1470 tolleret:
579 1415 608 1468 at
628 1409 699 1469 lecit
719 1413 752 1469 in
772 1409 862 1470 altero
884 1410 1018 1487 deinceps
1040 1411 1168 1470 membro
1192 1418 1368 1489 graviorem

312 1495 473 1554 orationem
494 1491 631 1553 dissolui
657 1484 744 1557 liii
765 1487 802 1557 τὸ
825 1485 905 1558 αὐτὸ
928 1490 1054 1578 θέρους
1066 1514 1102 1557 τα
1116 1489 1172 1558 καί
1180 1498 1367 1580 χειμῶνας,

312 1579 417 1652 quibus
441 1577 538 1639 verbis
559 1578 641 1654 prius
661 1577 824 1637 membrum
842 1579 900 1638 iam
921 1577 1011 1653 plane
1028 1579 1151 1640 exclusit
1164 1599 1221 1640 use
1235 1583 1367 1658 amplius

311 1663 345 1722 in
371 1681 525 1721 numerum
547 1663 675 1738 roserit,
703 1665 788 1737 quasi
811 1659 922 1722 Latius
949 1661 1042 1722 diosus
1074 1666 1112 1720 Et
1138 1671 1215 1723 seete
1237 1670 1367 1726 antistare

311 1766 342 1808 aa
362 1766 420 1806 sou
437 1746 530 1806 uoluae
550 1735 748 1817 sordidusaod
768 1743 866 1804 euclem
885 1765 936 1823 per
956 1753 1093 1806 aestutm
1112 1753 1138 1805 et
1154 1746 1288 1824 lumem,
1311 1751 1365 1810 urbi

311 1848 348 1890 eo
376 1828 501 1890 adaucta
515 1827 646 1905 mulatio
667 1835 727 1904 est,
756 1836 789 1888 ut
811 1831 971 1904 posteriore
988 1829 1118 1888 membro
1139 1845 1217 1904 pauo
1239 1833 1366 1893 tollatur

311 1911 445 1973 alterum.
486 1911 569 1972 Idem
590 1913 772 1972 statuendum
793 1921 837 1972 est
858 1911 894 1971 (le
914 1913 1015 1972 cetaria
1036 1912 1182 1989 famulis,
1203 1915 1236 1973 iu
1252 1917 1364 1991 quibem

311 1987 398 2060 iiio
416 1998 460 2057 ibi
479 1999 625 2073 ponitur,¹
640 1998 690 2057 ubi
711 1987 797 2059 liii
819 1991 875 2060 καί
895 1997 1088 2073 exspectaris,
1107 1997 1188 2056 reiut
1207 2008 1277 2075 post
1300 1991 1363 2080 οὐχ

198 2101 204 2112 ·
310 2075 365 2144 ίίτι
384 2081 434 2141 rel
453 2077 499 2166 μὴ
521 2075 672 2181 troposi
692 2071 751 2159 οὐχ
770 2075 865 2155 ὅπως
886 2080 935 2140 rel
954 2074 1001 2166 μὴ
1022 2073 1129 2156 ὅπως,
1148 2091 1214 2158 post
1234 2073 1277 2148 oui
1294 2079 1362 2163 μό-
1482 2137 1483 2142 ,

310 2184 374 2238 ror,
396 2158 459 2239 ὅτι,
480 2163 551 2242 post'
567 2185 626 2244 αυχ
647 2152 720 2229 οἷον
740 2171 770 2223 et
790 2163 849 2223 alia
869 2163 900 2224 il
920 2183 1013 2240 genus
1031 2163 1131 2222 multa.

391 2285 455 2351 Neo
474 2275 551 2351 vero*
565 2287 707 2366 particula
729 2278 814 2352 ἀλλὰ
835 2293 902 2364 post
922 2291 1109 2365 negationem
1133 2307 1188 2363 per
1207 2305 1240 2346 sa
1263 2289 1360 2365 signi·
1481 2355 1482 2358 Ἴ

308 2371 375 2434 fleat
394 2375 444 2433 eorl
463 2379 566 2452 potius,
587 2371 648 2449 sel,
672 2380 704 2430 ut
721 2380 799 2431 recte
819 2371 879 2430 iam
903 2375 1039 2446 exposuit
1060 2369 1216 2445 berarius,
1239 2372 1359 2447 simpli·
1481 2379 1482 2384 ’

309 2459 380 2518 citer
403 2455 515 2532 aliquid
536 2455 648 2530 adiicit,
678 2453 757 2530 quod
777 2456 814 2512 sit
834 2453 982 2513 diversum
1003 2455 1040 2513 ab
1063 2473 1117 2530 eo,
1144 2451 1223 2530 quopl
1245 2453 1358 2515 dictum

308 2550 361 2604 est.
403 2539 454 2602 Sis
473 2542 506 2599 in
528 2535 677 2596 Plutarchi
697 2539 828 2612 Louirpo
849 2553 911 2613 cup.
928 2541 977 2596 ³0.
991 2557 1022 2612 p.
1037 2537 1086 2596 58.
1099 2535 1136 2596 B.
1152 2535 1198 2596 el.
1212 2533 1357 2601 Francos.

308 2615 348 2688 οὔ
375 2615 507 2698 πόλεως
534 2613 554 2706 ἡ
579 2611 717 2705 Σπάρτη
746 2615 933 2691 πολιτείαν,
961 2610 1031 2688 ἀλλ’
1062 2610 1182 2704 ἀνδρὸς
1203 2611 1357 2704 ἄανητοῦ

306 2701 381 2788 βίον
402 2699 535 2790 illosum
558 2724 613 2781 per
633 2723 665 2764 se
690 2701 765 2768 nihil
782 2702 863 2764 aliud
884 2703 1003 2782 dieitur,
1022 2705 1080 2765 uisi
1101 2702 1171 2764 hoo:
1202 2723 1262 2764 uois
1280 2710 1355 2766 etoi-

207 2791 212 2799 “
306 2796 375 2850 tutis
404 2789 582 2866 disciplinam
607 2787 706 2847 holuit
726 2790 850 2864 Sparta,
880 2789 1354 2862 alumnumalumnum,

211 2885 214 2896 ¹
305 2875 348 2932 ita
376 2878 407 2929 ut
433 2893 473 2931 ex
502 2878 561 2930 toto
589 2871 727 2930 orationis
755 2889 835 2928 nexu
865 2869 982 2930 demum
1010 2878 1163 2947 appareat,
1194 2891 1286 2946 quem
1315 2872 1355 2932 aul

201 3255 208 3268 .
306 3205 415 3266 adiecta
437 3205 494 3264 alia
514 3226 585 3266 voce
604 3208 664 3266 iute

306 2954 423 3014 modum
444 2951 516 3013 liaeo
536 2953 694 3031 sententia,
727 2953 898 3030 simpliciter
919 2953 1078 3030 declarata,
1111 2955 1287 3030 eoeipienda
1304 2958 1353 3015 sit.

306 3033 341 3116 ln
362 3035 409 3097 his
426 3037 499 3096 locis
520 3045 615 3096 autem
632 3035 789 3097 tenendum
807 3045 860 3116 est,
881 3057 969 3114 saepe
985 3039 1140 3098 fortiorem
1149 3057 1222 3098 ‘esse
1239 3048 1269 3099 et
1286 3059 1352 3099 ora-

306 3125 416 3182 tionem
437 3130 465 3180 et
485 3123 655 3181 sententiam
702 3123 728 3181 si
747 3113 834 3184 uitii
854 3123 1023 3198 simpliciter
1041 3131 1184 3199 ponatur,
1213 3143 1304 3198 quam
1325 3125 1352 3182 si

657 3164 803 3283 llegentia
827 3207 882 3267 loci
896 3206 1060 3268 adiuvetur.
1101 3203 1178 3266 Nam
1192 3207 1244 3265 ubi
1257 3206 1351 3266 fortes

305 3295 336 3349 in
358 3309 490 3349 sermone
510 3291 643 3350 volumus
664 3309 737 3366 esse,
759 3309 859 3349 omnes
877 3311 926 3350 eas
943 3291 1082 3349 orationis
1094 3286 1250 3364 particulas
1266 3291 1352 3348 omit·

305 3376 402 3450 timus,
425 3392 500 3452 quae
520 3375 562 3432 ita
580 3393 812 3449 supervacaneae
834 3385 896 3435 esse
916 3373 1060 3451 videntur,
1080 3371 1159 3448 quod
1179 3391 1283 3432 eorum
1305 3375 1349 3434 vis

304 3479 344 3517 ex
363 3459 430 3534 ipsa
451 3459 582 3517 oratioue
602 3452 735 3533 intellegi
756 3466 863 3534 potest.
1121 3462 1126 3472 ‘

385 3579 493 3642 Faeilis
520 3581 668 3660 explimtu
696 3583 783 3642 etiem
809 3581 861 3642 illa
882 3580 1031 3644 Plutarchi
1056 3580 1137 3644 leons
1164 3587 1227 3656 est,
1260 3603 1349 3660 quem

303 3667 406 3727 adtulit
428 3665 575 3728 llererius
596 3687 635 3727 ex
656 3667 779 3728 Romulo
800 3685 864 3741 oop.
884 3669 934 3727 15.
955 3687 985 3741 p.
1008 3670 1060 3726 26.
1081 3662 1117 3724 G.
1138 3667 1185 3728 el.
1207 3663 1347 3726 Freuoot'.

303 3745 335 3814 al
362 3747 400 3816 δὲ
425 3749 524 3814 ταῦτα
548 3742 595 3836 μὴ
616 3745 747 3830 λέγεται
767 3769 893 3824 souare,
928 3739 997 3812 αλλ’
1022 3769 1163 3834 αχρωντο
1194 3749 1349 3828 Ρωμαῖοι

302 3828 377 3896 τότε
398 3835 446 3920 τῷ
468 3825 606 3913 ὀνόματι
627 3831 685 3918 τῆς
701 3826 880 3908 ταλασίας,
910 3823 1069 3918 καθάπερ
1091 3825 1202 3932 ἡμεῖς,
1229 3824 1347 3933 ’ἑτέραν

303 3905 344 3980 liv
364 3937 415 3992 τις
436 3910 546 3981 αἰτίαν
567 3910 712 3982 εἰκάσειε
730 3913 977 4001 nutarentque.
1019 3913 1097 3977 Nam
1112 3917 1154 3974 ibi
1167 3907 1254 3976 αλλὰ
1269 3913 1346 3974 nihil

303 3999 384 4060 aliul
399 4001 455 4059 uisi
471 4001 529 4076 sad,
544 4021 641 4062 aarum
658 4000 809 4078 siguificat.
838 4003 871 4060 Si
889 4011 991 4072 uutoro,
1010 3999 1115 4074 inquit,
1133 3997 1184 4058 lios
1199 4017 1254 4058 ναν
1267 3997 1344 4072 falso

303 4084 414 4156 dieser,
435 4085 493 4157 eorl,
512 4083 543 4144 il
564 4083 643 4161 quod
664 4085 809 4148 diuersum
834 4086 869 4145 ab
890 4085 942 4146 illo
962 4084 1039 4158 salso
1061 4087 1119 4160 est,
1140 4084 1266 4143 Βααααὶ
1285 4087 1343 4158 tum
