2994 4592
354 217 419 286 18⁰
827 205 925 304 ἆρα.
982 284 984 294 ,

353 389 524 466 plicarerim
549 407 581 463 p.
605 390 644 446 19
666 406 755 464 sqq.,
782 381 859 448 nihil
884 342 975 446 restat
998 382 1079 446 alind
1100 386 1159 445 nisi
1181 389 1213 444 ut
1234 385 1399 465 significem
1470 438 1471 442 ,

352 472 678 618 &melma
689 469 835 532 Derariua
849 491 881 546 p.
897 473 960 549 42,
971 467 1181 547 Aristophanis
1190 471 1246 533 Aa.
1258 491 1288 536 r·
1303 474 1398 535 1530.

595 684 725 742 ἐντεῦθεν
740 674 796 760 ἆρα
812 679 1011 758 τούπιτριβείης
1028 681 1156 754 ἐγένετο,

351 813 386 870 iu
404 805 534 868 Platonis
557 814 656 870 autem
679 809 742 870 loeo
763 806 864 868 itidem
884 829 952 868 non>
966 827 1052 883 posse
1071 828 1133 867 non
1154 768 1318 894 scribi'olp'
1338 775 1399 872 oali·

351 889 391 957 iu
411 890 510 956 τοῦδε
529 889 568 957 τὸ
590 884 721 956 τοιόνδε
740 885 900 974 rimarum
942 889 1083 970 Denique
1107 894 1140 951 in
1160 889 1286 953 Homeri
1307 891 1396 954 lliucl.

350 975 403 1038 lib.
424 973 497 1037 Vll.
518 996 545 1040 v.
568 978 640 1035 472.
661 983 740 1036 recte
761 976 825 1036 elia
853 1024 856 1030 .
1138 1009 1141 1016 ·

535 1104 620 1161 ἔνθεν
637 1099 685 1178 ἄρ’
704 1107 835 1168 οἰνίζοντο
851 1102 1076 1180 καρηκομόωνιος
1087 1103 1202 1176 Ἀχαιοί.

351 1227 540 1309 Quamquam
559 1227 626 1288 aliis
647 1226 721 1288 loeis
743 1227 841 1288 multis
865 1214 925 1313 ip,
952 1227 1005 1291 ael
1026 1249 1087 1288 non
1109 1236 1177 1289 ante
1199 1225 1330 1288 vocalem
1349 1225 1395 1287 le·
1472 1219 1473 1222 ¹

350 1315 430 1389 gitur
450 1311 526 1390 apul
550 1309 729 1390 Homerum,
749 1312 842 1373 relati
857 1312 943 1372 maa
965 1313 1018 1372 lib·
1040 1310 1065 1373 l.
1087 1334 1117 1376 r.
1140 1319 1171 1375 8.
1190 1333 1220 1376 v·
1243 1315 1332 1390 1163,
1356 1310 1395 1371 sle

352 1397 460 1472 quibus
486 1397 560 1459 loeis
584 1416 675 1474 supra
693 1397 906 1492 explicuerimus
927 1417 958 1475 p.
982 1400 1052 1460 174.

730 1573 966 1671 .'Ape.

255 1728 333 1814 ldae.
388 1815 412 1876 u
434 1731 498 1796 lam
521 1721 612 1836 supra
631 1721 1098 1876 vidimus-particulamlir'poeoeo,
1120 1731 1198 1836 quod
1217 1734 1311 1809 prima
1329 1733 1392 1836 eius

243 1861 273 1912 ²·
288 1859 333 1918 ⁴²·
350 1817 853 1981 tettattttttttattt
871 1825 1391 1986 ttt'tttttttzttt

348 1986 446 2062 primo
481 1987 570 2047 etiam
602 1985 666 2046 loco
694 1989 855 2052 sentcntiae
869 1991 1058 2062 poneretur,
1091 2004 1179 2061 quem
1206 1985 1243 2044 al
1272 1985 1391 2046 molu-

347 2067 458 2130 Latiua
478 2071 621 2146 particula
639 2074 735 2148 tpttor,
760 2091 836 2147 quae
857 2070 935 2146 apud
956 2072 1047 2132 bonos
1067 2066 1238 2129 Latinitatis
1259 2077 1390 2130 auctores

345 2154 522 2230 plerumque
548 2156 676 2232 primum
703 2157 799 2216 locum
826 2155 957 2215 obtinere
978 2174 1038 2212 non
1065 2153 1186 2229 soleret,
1205 2151 1333 2230 ,adaucta
1357 2156 1390 2214 vi

347 2257 402 2296 aua
429 2241 516 2300 etiam
542 2241 576 2298 in
603 2241 748 2316 principio
775 2241 919 2300 enuntiati
946 2237 1143 2298 collocaretur.
1184 2235 1220 2296 ld
1246 2257 1336 2314 quom
1355 2239 1390 2298 in
1475 2287 1476 2294 ,

345 2317 457 2380 Latina
478 2321 619 2397 particula
644 2343 739 2399 nequa
765 2324 803 2389 al
829 2324 1088 2398 interrogationum
1104 2319 1273 2398 pertineret
1292 2341 1389 2396 neque

346 2404 384 2463 acl
405 2404 664 2483 exclamationem,
690 2406 724 2468 in
748 2404 860 2467 Graeca
881 2406 983 2469 rocula
1003 2407 1153 2483 plerisque
1172 2403 1246 2466 haee
1264 2401 1388 2466 mutatio

344 2507 405 2546 non
429 2491 492 2551 risa
515 2497 558 2549 est
585 2489 651 2550 fieri
679 2493 810 2567 potuisse
835 2492 894 2552 nisi
922 2494 956 2550 iu
982 2488 1173 2549 exclamando
1194 2499 1241 2549 aut
1261 2492 1389 2550 interro-

343 2571 450 2648 gando.
494 2570 688 2654 conserantur
708 2596 753 2652 ea,
774 2595 849 2650 quae
864 2573 901 2635 G.
913 2573 1100 2634 Hermannus
1120 2574 1156 2633 de
1178 2594 1212 2634 ea
1233 2591 1266 2632 re
1288 2573 1387 2650 expli·

344 2659 419 2718 eavit
435 2661 469 2718 in
488 2657 582 2734 prael.
605 2659 641 2718 ael
660 2656 815 2736 Sophoclis
839 2660 976 2736 Oedipum
998 2659 1148 2718 Galateam
1168 2679 1202 2733 pc
1220 2653 1303 2717 xvi
1317 2678 1386 2734 sqq.
1428 2705 1433 2716 .

342 2738 393 2800 Ac
413 2762 483 2801 sane
504 2741 631 2819 violetur,
652 2747 705 2802 etsi
726 2748 772 2804 vis
794 2747 860 2818 ipsa
879 2742 1037 2816 particulae
1052 2761 1169 2816 semper
1184 2743 1273 2802 aliam
1285 2742 1317 2802 in
1332 2763 1387 2802 ex·

343 2823 517 2884 clamatione
538 2821 577 2885 et*
580 2828 809 2899 interrogatione
825 2824 861 2885 al
876 2825 1091 2885 conclusionem
1107 2827 1235 2902 pertinet
1257 2861 1295 2872 -
1319 2847 1387 2886 con·

343 2905 486 2966 eludimus
507 2910 587 2966 euim
608 2907 720 2983 aliquid
741 2927 783 2967 ex
802 2911 1063 2984 praesentiremm
1077 2919 1163 2984 statu,
1184 2912 1214 2968 ia
1229 2929 1288 2985 quo
1301 2911 1386 2985 quasi

342 2990 377 3048 in
391 2989 490 3066 aliquo
501 2990 691 3051 fundamento
703 2993 811 3052 nitatur
821 2993 875 3052 illa
889 2992 1060 3053 exclamatio
1072 3001 1121 3053 aut
1131 2996 1321 3070 interrogatio
1330 3027 1385 3070 -,

241 3119 243 3130 ,
342 3081 440 3134 tamen
466 3073 519 3134 illa
546 3075 706 3149 particulae
730 3076 881 3152 productio
904 3077 999 3137 locum
1019 3099 1079 3137 noa
1102 3074 1226 3154 habere,
1252 3079 1312 3138 nisi
1333 3079 1385 3140 uti

342 3178 378 3218 ea
403 3161 435 3218 vi
461 3159 567 3219 efferas
594 3180 712 3238 rocem,
739 3171 770 3220 at
795 3163 923 3236 aliquam
948 3165 1207 3238 interrogationem
1233 3169 1283 3220 ant
1303 3164 1385 3222 roci-

339 3241 517 3302 femtionem
544 3254 745 3319 superatmere
770 3249 882 3321 possis:
911 3248 942 3306 in
971 3266 1006 3306 eo
1034 3245 1131 3306 tameu'
1157 3267 1223 3306 cam
1244 3241 1283 3305 G.
1305 3243 1385 3308 Her·

339 3344 448 3384 manno
473 3327 631 3402 dissentio,
664 3330 743 3404 quod
766 3329 818 3390 ille
846 3339 978 3406 apertam
1007 3349 1124 3406 semper
1153 3338 1202 3389 aat
1222 3331 1384 3407 interroga-

340 3409 452 3466 tionem
482 3416 533 3468 aut
558 3411 796 3472 exclamationem
821 3415 1007 3490 requirebat,
1039 3434 1094 3490 ego
1123 3416 1211 3473 etiam
1235 3417 1384 3473 tectiorem

340 3491 582 3552 exclamationem
604 3505 659 3554 aut'
673 3497 770 3570 talem,
790 3519 864 3573 quae
878 3497 914 3558 ad
927 3497 1078 3572 singulare
1093 3507 1205 3558 tantum
1220 3500 1383 3558 sententiae

340 3577 462 3635 verbum
476 3577 635 3654 pertineat,
642 3577 848 3640 admittendam
860 3603 972 3642 censeo.
995 3579 1064 3663 Qua
1077 3581 1193 3642 ratione
1205 3582 1250 3642 illi
1264 3601 1383 3658 quoque

339 3659 397 3720 loci
423 3659 573 3720 commode
599 3663 742 3740 explicari
763 3687 851 3741 posse
874 3666 1027 3740 rideatur,
1058 3685 1132 3741 quoa
1153 3667 1260 3726 maltos
1281 3673 1383 3724 contra

340 3744 481 3805 libmrum
502 3749 700 3810 auctoritatem
719 3749 871 3810 mutandos
893 3770 957 3812 esse
976 3751 1163 3810 existumavit
1180 3753 1228 3810 vir
1240 3767 1382 3811 summas.

340 3826 419 3890 llam
438 3829 513 3890 illud
524 3827 690 3913 llartnngio
711 3834 868 3895 concedere
881 3833 963 3894 nullo
976 3833 1061 3894 modo
1074 3855 1203 3910 possum
1224 3833 1302 3911 qaod
1315 3823 1385 3918 ἆρα

341 3921 372 3972 et
397 3905 464 3999 liqut
483 3917 517 3974 iu
536 3913 624 3978 huius
645 3918 726 3978 modi
749 3918 821 3978 locis
843 3921 1005 3993 promiscue
1027 3925 1168 3994 usurpata
1188 3937 1253 3980 esse
1273 3917 1382 3978 statuit.

329 3985 422 4080 ’Ἆρα
445 4001 524 4057 enim
543 4001 586 4058 ibi
608 4011 772 4082 usurpatur,
793 4003 842 4061 ubi
864 4003 991 4077 simplex
1012 4003 1194 4062 ratiocinatio
1210 3997 1382 4078 declaratur,

289 4085 290 4090 ’
344 4067 410 4160 ἆρα
420 4089 531 4157 contra,
541 4083 591 4142 nbi
601 4087 712 4144 maiore
724 4085 850 4158 quadam
862 4088 892 4148 vi
906 4085 1010 4146 efferae
1024 4088 1109 4146 istam
1121 4087 1382 4162 ratiocinationem,
