2974 4570
634 175 722 256 idn
1027 189 1034 206 '
1135 181 1200 254 tra

154 377 216 418 non
240 357 282 416 ait
301 337 376 428 Gyri
396 349 539 426 Suedio,
562 349 818 430 aad‘magoaille,
837 345 964 413 daaoitor
979 353 1196 430 quidemeiianr
1243 376 1247 390 ’
1349 411 1351 424 ,

155 439 208 505 illa
231 437 383 511 condicio,
413 445 444 496 ut
466 437 593 511 denique
614 445 734 512 propter
754 435 841 494 nlia'm
862 457 993 498 canaram
1015 437 1196 512 poenit-odor
1299 511 1311 520 ,-

155 543 219 584 ease
245 523 396 596 rideatur,
417 541 517 580 rernm
538 522 662 579 interior
682 530 777 578 tamen
801 524 1010 582 aententiarum
1029 525 1195 586 coniunctio

155 627 217 666 aon
241 615 302 676 eet,
332 605 384 663 aed
404 604 458 663 ille
478 603 625 677 condicio,
656 625 741 678 quam
763 602 850 664 babet
872 595 911 686 ἢν
932 607 1088 680 particula,
1118 628 1195 681 quaa

156 711 221 750 rem
250 687 367 763 quidem
395 691 576 762 experientia
601 689 776 761 probandam
797 688 920 763 iodiont,
946 697 1141 763 pertentat,
1163 701 1194 750 nt

157 793 199 834 ex
222 791 258 832 eo
287 781 384 830 utrum
406 769 478 831 bueo
499 791 546 830 rea
571 791 640 830 vern
661 791 698 830 ao
723 772 797 830 lalaa
820 773 1000 844 inveniatur,
1021 795 1081 834 non
1100 777 1194 832 nonti-

157 848 217 919 und
239 864 378 930 aequetur
398 856 462 929 ipra
480 853 569 929 ratio',
599 876 650 912 our
671 854 785 929 aliquid
805 855 873 928 liat,
903 857 956 916 aed
977 867 1073 917 tamen
1094 855 1193 916 caudi-

71 955 80 966 ·
157 943 202 999 oio
232 939 300 998 binc
320 937 533 1014 proficiscatur,
561 958 617 1012 qua
643 937 812 998 oondio'ioue
837 939 889 998 ille
910 944 982 1000 ratio
1003 957 1067 1000 eaaa
1090 943 1192 1016 praeit.

156 1021 257 1102 ltaque
279 1024 382 1093 verbo:
418 1014 457 1105 ἢν
484 1015 546 1102 peip
572 1018 611 1106 dt)
632 1015 679 1105 μή
701 1017 773 1085 ἐστι
791 1014 810 1086 ὁ
830 1016 943 1102 Κύρου
963 1019 1106 1106 Σμέρδις
1127 1015 1192 1086 uri·

157 1128 218 1166 non
242 1105 350 1166 babent
378 1107 437 1164 oiai
461 1114 613 1179 externam
636 1103 790 1180 quomdam
810 1105 983 1166 relationem
1006 1107 1195 1181 adaequet..

157 1193 213 1264 tia,
235 1208 310 1264 quaa
332 1190 362 1246 iu
385 1189 506 1248 relativa
526 1189 555 1248 ri
573 1189 732 1262 particulae
755 1190 850 1264 posita
872 1199 932 1266 eat,
952 1193 1067 1250 interna
1086 1201 1193 1260 auteur,

157 1295 232 1348 qnae
254 1293 293 1332 ex
317 1269 393 1330 modi
415 1273 528 1330 ratione
549 1273 695 1348 sequitur,
716 1275 748 1332 iu
770 1274 834 1332 eiua
850 1273 927 1334 orodi
947 1275 1019 1334 looia
1039 1274 1120 1334 nulla
1140 1286 1192 1334 ert.

158 1357 192 1418 ld
223 1359 315 1431 anagia
342 1357 429 1414 etiam
459 1355 599 1415 eluoesnet
626 1374 666 1416 ax
686 1353 795 1418 Latina
823 1358 1066 1433 interpretatione
1093 1359 1192 1418 eorum

157 1441 322 1500 verborum.
361 1435 465 1498 Latini
482 1441 578 1512 enirn,
597 1441 667 1512 qnia
687 1459 751 1498 nuno
770 1439 910 1514 partioula
928 1461 993 1500 nnnr
1011 1443 1194 1500 ooniuuotiro

156 1527 251 1598 punita
277 1517 405 1580 oausam
434 1542 467 1580 ao
492 1523 636 1580 tutionem
662 1520 784 1583 alieuius
812 1525 856 1582 rei
884 1523 1031 1600 denigrent,
1064 1527 1095 1582 iu
1128 1527 1193 1582 eine

157 1608 237 1666 modi
265 1605 354 1680 looia,
383 1606 431 1664 ubi
461 1613 584 1663 externa
614 1605 708 1678 potina
731 1607 773 1664 rei
802 1605 935 1664 condicio
955 1606 1108 1667 iudicanda
1128 1615 1193 1666 erat
1268 1651 1275 1660 .

157 1709 245 1764 qnam
268 1690 398 1762 interna,
420 1689 597 1760 coniungere
610 1687 741 1746 nolebant
762 1707 825 1746 oum
838 1689 1009 1763 particulam
1028 1709 1091 1748 oum
1107 1689 1194 1748 modo

156 1775 239 1831 uerbi
268 1768 439 1846 indicativo,
469 1769 548 1846 qnod
575 1768 631 1830 boo
656 1770 719 1829 loco
746 1771 840 1830 dionae
871 1772 956 1834 Gunt
977 1776 1051 1832 eninr
1074 1793 1131 1832 non
1151 1781 1194 1832 aar

158 1858 225 1927 cpi
252 1855 393 1925 Sorrrdia,
422 1847 472 1914 aad
499 1859 539 1924 ie,
563 1873 643 1930 quoru
669 1873 719 1928 epo
744 1863 890 1930 ansperto,
915 1875 972 1916 non
1002 1863 1110 1932 oportet
1130 1873 1194 1912 ινιιι
1300 1863 1308 1876 ”

156 1948 247 1998 uotum
267 1939 412 1996 cubantem
431 1946 457 1995 ot
480 1939 631 1996 Persarum
651 1955 766 2012 refluunt
788 1945 923 1996 tenentem
945 1941 1112 2015 iurpuniiunt
1132 1937 1194 1995 dir-

157 2023 267 2092 cruor,
291 2021 341 2078 aod
360 2019 430 2078 doro
449 2039 596 2096 poenum„
616 2019 722 2093 quibua
743 2021 776 2078 io
800 2021 899 2080 verbio
918 2030 1042 2080 externa
1062 2019 1194 2082 ooudioie

41 2167 49 2184 1
158 2105 201 2165 rei
222 2105 252 2161 in
274 2123 361 2163 rone:
384 2121 447 2160 runo
466 2134 509 2148 --
529 2121 585 2162 non
605 2111 646 2160 ru
666 2109 736 2177 eto,
758 2105 939 2177 eontinetur,
959 2103 1076 2164 interut
1097 2112 1194 2163 autern
1264 2110 1268 2116 '

155 2190 190 2245 iu
213 2187 290 2261 illia,
317 2205 392 2260 quae
413 2184 566 2259 accedunt,
585 2185 757 2259 participiis.
793 2183 836 2262 ¹Si
857 2187 924 2260 qnia
947 2193 1041 2246 antem
1063 2196 1195 2260 quaerat,

155 2287 248 2344 apuam
281 2270 318 2328 ob
347 2289 409 2326 rem
436 2265 541 2326 Graeci
570 2289 633 2330 enm
664 2267 850 2342 particulam,
887 2287 964 2342 qnae
987 2271 1031 2329 rei
1058 2269 1195 2328 fortuitae

159 2351 401 2428 significationem
424 2351 508 2414 bobet
529 2361 557 2420 et
585 2352 758 2426 plerumque
779 2353 814 2411 ad
836 2354 979 2414 internum
996 2353 1079 2413 iatam
1093 2349 1195 2410 eondi-

155 2441 272 2506 eiouem
293 2433 509 2494 describendam
529 2432 696 2509 adhibetur,
717 2438 869 2508 posuerint
889 2438 921 2494 iu
938 2438 1006 2496 eino
1018 2433 1096 2496 midi
1113 2437 1195 2500 leuia,

157 2523 245 2580 etiam
264 2519 353 2578 boine
375 2519 417 2577 rai
438 2521 511 2577 ratio
533 2537 591 2575 nou
613 2518 734 2576 obseura
751 2517 832 2577 reddi
848 2527 953 2592 potent.
996 2517 1094 2598 Quom
1114 2519 1194 2578 enirn

155 2595 299 2664 airrttrenr
325 2602 475 2662 fortuitam
509 2601 626 2676 quidem
654 2603 796 2662 rationem
825 2605 890 2660 eiua
921 2600 1099 2660 ooudinionia
1128 2619 1195 2660 aare

154 2687 244 2762 idque
272 2687 385 2748 ,vellant
409 2687 494 2746 etium
528 2683 652 2744 auditori
669 2684 858 2760 ‘aigoiliearm
886 2685 1013 2758 primum
1034 2693 1194 2759 posuerunt

154 2789 221 2830 eam
242 2771 428 2848 particulam,
453 2789 530 2843 qnae
552 2770 637 2828 iatam
658 2767 1034 2845 lortoitiaignidoationern
1055 2765 1193 2828 baberetr

155 2865 257 2928 posteo
279 2863 390 2926 nortem,
411 2873 474 2910 oum
496 2851 531 2909 ad
553 2853 674 2912 verbum
697 2863 815 2912 rentum
835 2861 914 2924 erat,
933 2853 1001 2928 qnia
1023 2849 1137 2913 nollent
1161 2852 1194 2912 in

156 2935 210 2995 bac
237 2937 355 3010 quddam
376 2935 547 2995 condicione
567 2938 752 3012 interiorem,
780 2957 868 3011 qrraur
887 2933 968 3010 dixi,
996 2937 1040 2998 rei
1061 2949 1193 2996 oanamm

156 3041 281 3092 ponerer
311 3037 386 3092 pene
409 3019 573 3076 necessario
595 3019 739 3093 lecerunt,
770 3030 801 3077 ut
826 3020 1025 3094 experientiae
1046 3017 1195 3095 aigniliou⁴

55 3123 64 3130 ·
157 3103 279 3170 tionem,
304 3122 391 3174 quam
413 3099 500 3158 ltabet
522 3090 561 3160 dr
584 3102 738 3173 parttoota,
758 3102 838 3158 liniri
860 3103 891 3160 iu
913 3102 1105 3162 condicionali
1122 3118 1193 3177 para

154 3183 244 3242 ticuia
269 3185 419 3258 iuberent,
449 3181 485 3242 ad
508 3180 622 3240 modum
644 3184 726 3240 uerbi
749 3183 949 3256 iadiootiruin,
972 3186 1057 3255 qrrrsi
1078 3203 1126 3243 m
1148 3188 1194 3244 in·

158 3271 238 3336 tegra
267 3275 346 3324 earet
392 3276 486 3338 atque·
503 3276 580 3324 oerta
613 3285 666 3338 per
686 3277 769 3338 tene,
796 3283 830 3325 ae
861 3265 1036 3324 conferrent.
1078 3265 1118 3325 lit
1139 3265 1193 3328 lror

158 3345 243 3402 niodo
265 3346 353 3402 etiam
373 3345 491 3404 delendi
513 3347 565 3406 illa
590 3348 667 3406 iocur
688 3355 795 3422 potent,
816 3349 868 3421 ‹ptl
890 3348 977 3424 reigo
998 3349 1029 3408 in
1050 3348 1191 3414 Herodoti

157 3429 208 3487 lib.
231 3425 270 3486 ll.
292 3447 356 3502 cop.
386 3435 433 3488 13.
456 3449 498 3488 ex
519 3428 603 3489 libria
625 3431 759 3490 omnibus
780 3430 933 3492 edebatur:
971 3429 1193 3496 Aorr'ooor'ud

121 3576 125 3587 ,
155 3533 216 3590 μοι
236 3501 436 3588 Αἰγυπτίων
460 3505 493 3576 oi
529 3505 646 3597 ἔνερθε
673 3515 733 3598 τῆς
759 3511 874 3600 λίμνης
892 3515 953 3599 πῆς
974 3512 1123 3599 Μοίριος
1141 3508 1191 3576 oi-

156 3589 287 3666 ιἰέονιες
313 3585 355 3654 τά
382 3615 418 3658 ra
449 3583 535 3659 dila
563 3592 668 3682 χοιρία
697 3593 753 3662 καί
779 3593 817 3660 τὸ
843 3593 1042 3674 καλεόμενον
1070 3595 1191 3665 Δέλτα,-

156 3669 195 3762 ἢν
228 3671 316 3757 οὕτω
349 3669 369 3760 ἦ
398 3671 488 3760 χώρη
518 3673 601 3779 niirp
637 3676 721 3745 κατὰ
749 3675 848 3762 λόγον
867 3677 1016 3743 ἐπιδιδοῖ
1037 3671 1072 3753 ig
1092 3673 1191 3758 ὕψος,
1253 3708 1260 3716 -

156 3756 212 3822 καί
227 3753 275 3836 ,τὸ
299 3749 418 3837 ὁμοῖον
439 3753 598 3824 duodecim
620 3759 655 3836 ἒς
679 3753 834 3846 αὔξησιν,Ι
864 3758 910 3859 pu>
934 3753 1192 3860 καιακίιίζονιος

158 3833 261 3926 odorio
298 3841 358 3906 τοῦ
386 3837 512 3905 Νείλου
538 3839 721 3908 πείσεσθαι
763 3841 819 3904 riv
849 3851 958 3906 ποντα
987 3861 1104 3920 χρονον
1135 3863 1192 3900 τον
1300 3862 1304 3869 ·

114 3975 119 3978 .
153 3919 334 3990 ἐπίλοιπον
359 3919 563 4006 Αἰγύπτιοι,
591 3919 630 3986 ια’
658 3947 734 3988 nore
762 3915 857 3988 ιιίινὶ
876 3921 1034 4005 Ἓλληνας
1061 3918 1191 4008 iunoni

157 4001 351 4072 πείσεσθαι.
396 4007 470 4069 Nam
492 4009 571 4084 quod
586 4031 603 4068 e
619 4010 700 4068 facili
716 4009 768 4068 illu
785 4007 903 4084 ‹pridem
919 4010 1080 4070 oonieotnra
1095 4029 1191 4085 nuper
