2974 4588
348 237 393 308 ³4
807 229 934 304 ἀλλά.

301 437 304 448 ·
349 370 452 483 tinne,
478 423 509 470 ut
531 399 613 476 dito
633 407 708 472 iilud
728 431 787 470 non
809 411 866 470 iam
889 411 973 486 quasi
992 371 1116 487 eiiipsid,
1138 407 1218 486 qnod
1236 411 1393 488 propriam

348 497 492 556 enuntiati
515 496 567 572 sit,
593 495 752 571 ecferatur,
776 495 827 554 sed
852 505 965 554 tentum
986 515 1021 554 ao
1041 495 1117 571 loco,
1142 495 1193 554 nbi
1213 499 1393 572 comparatio

348 583 407 641 iam
430 581 565 654 insertur,
589 578 665 639 harre
685 590 825 639 sustentet
849 589 878 639 et
898 581 987 639 totius
1007 579 1063 640 loci
1085 579 1318 656 intellegentiam
1339 581 1393 640 ad-

348 667 438 738 iuret,
460 664 537 740 quod
559 667 600 723 ita
620 665 704 722 nobis
722 664 809 724 facile
829 664 867 722 ad
888 663 1116 740 intellegendum
1130 684 1193 724 esse
1207 663 1336 742 videtur,
1358 674 1393 724 nt

347 749 384 808 ds
405 749 530 825 singuiis
552 749 622 806 locis
643 749 701 806 ium
722 769 780 807 non
802 749 976 823 disputaturi
997 768 1143 825 essemus,
1164 749 1222 808 nisi
1242 767 1391 824 gramma-

246 853 248 860 ’
347 835 396 892 tici
427 842 577 913 tantopere
602 832 678 891 hanc
705 832 873 907 explicandi
901 835 1044 892 rationem
1064 835 1294 909 impugnassent,
1336 831 1391 892 Sic

346 921 435 976 etiam
463 917 696 994 interpretandus
723 927 769 975 est
797 917 850 976 itte
879 915 958 976 iocus
988 915 1197 994 Aristophanis
1227 915 1265 977 da
1293 921 1390 978 Rorria

345 1022 375 1063 v.
399 1007 461 1062 226
485 1023 541 1079 sq,
561 1001 611 1060 nbi
632 1001 769 1076 leguntur
787 999 860 1061 haec
879 1003 983 1061 veria:
1470 999 1471 1010 ¹

636 1127 703 1186 Ἀλλ’
724 1126 854 1192 dicituro-‘t'
875 1129 948 1185 edroi
966 1127 1041 1194 κοάξ.

638 1198 721 1254 oridia
738 1196 792 1274 γάρ
810 1197 861 1256 tat
883 1185 939 1254 ἀλλι
960 1197 975 1270 ἢ
993 1197 1078 1270 socii,

344 1327 451 1401 quibus
477 1324 508 1384 iu
536 1323 632 1382 verbis
652 1323 739 1384 facila
760 1325 848 1384 etiam
869 1326 1052 1399 cognoscitur
1072 1343 1128 1400 per
1149 1343 1180 1383 se
1200 1318 1273 1382 hoec
1293 1322 1385 1384 rerba

337 1407 420 1471 'ntttt
441 1408 521 1466 aliud
540 1407 646 1483 dicere,
667 1409 726 1466 uisi
745 1405 815 1467 hoo:
843 1409 924 1468 Niitit
943 1413 1016 1468 orrico
1037 1417 1077 1467 est
1098 1407 1177 1468 oiiad
1196 1425 1281 1485 spuunt
1298 1426 1384 1478 cocu,

127 1551 133 1560 ,
225 1531 230 1543 ,
344 1501 376 1550 ut
408 1491 480 1552 haec
508 1494 679 1552 constructio
710 1493 866 1551 verborum
897 1493 952 1552 sits
986 1481 1083 1557 midde
1110 1486 1151 1576 γά
1181 1480 1266 1555 ,ἐστ’
1289 1478 1384 1560 dito,

342 1567 365 1660 ἢ
392 1572 483 1651 κοάξ.
526 1573 587 1636 Sed
613 1585 709 1636 tamen
732 1575 813 1636 aliud
834 1586 894 1636 estc
926 1565 1105 1657 οὐδὲνγὰρ
1131 1511 1214 1638 dito
1243 1567 1332 1637 doctr
1361 1566 1383 1658 ἢ

342 1655 434 1736 κοάξ,
456 1659 552 1720 attat:
575 1650 672 1724 οὐδὲν
692 1652 755 1744 γάρ
777 1651 840 1724 ἐστ’
862 1650 932 1722 ἀλλ’
957 1650 977 1742 ἢ
999 1651 1093 1734 κοάξ.
1132 1657 1213 1720 Nam
1229 1656 1282 1718 illo
1295 1655 1383 1718 modo

341 1744 510 1817 miseretur,
531 1754 563 1803 nt
583 1765 672 1820 supra
689 1743 824 1818 vidimus,
842 1743 1017 1803 adiectivum
1038 1731 1131 1816 dito,
1150 1752 1182 1801 ut
1194 1740 1250 1802 hoe
1265 1738 1383 1801 Aristo·

303 1823 305 1830 ’
341 1827 454 1902 phanes
482 1827 607 1888 dicereta
643 1827 725 1887 Notat
754 1832 826 1885 cutm
856 1825 948 1888 uliud
973 1835 1014 1885 cat
1041 1831 1097 1885 sciat
1118 1845 1209 1897 cous,
1240 1823 1320 1901 quod
1343 1824 1382 1884 ad

341 1914 431 1970 istum
450 1913 546 1970 locum
567 1912 663 1970 minas
684 1920 782 1986 aptum
803 1919 888 1984 esset,
909 1931 987 1968 nnnc
1006 1918 1102 1969 autem
1116 1907 1170 1969 lnoc
1181 1909 1265 1969 dicit:
1287 1908 1383 1972 Ns‘lu'l

341 1999 415 2054 enias
438 2003 479 2054 cst
502 1995 581 2054 atiud
605 2015 690 2073 ‹puom
714 2013 803 2064 cocu,
835 1993 864 2052 id
888 2005 930 2052 est
951 1995 1078 2068 deniqne
1100 1994 1176 2053 nihii
1197 1991 1294 2068 aliud,
1320 1994 1380 2054 nisi

339 2076 417 2140 hocs·
443 2078 526 2138 noct
553 2083 627 2138 anim
655 2087 696 2138 set
722 2087 835 2156 proetus·
861 2097 950 2149 coac,
978 2086 1010 2136 ut
1031 2069 1130 2150 dito,
1158 2078 1237 2152 quod
1261 2076 1381 2154 accedit,

339 2161 536 2222 tantummodo
572 2163 818 2236 computationem
856 2171 949 2222 scunt.
1004 2159 1112 2222 Nostra
1148 2163 1251 2240 lingua
1279 2160 1379 2236 aliquo

339 2247 426 2306 ruodo
449 2248 560 2322 poteris
581 2244 759 2306 Graecorum
780 2246 993 2305 distinctionem
1015 2247 1134 2320 imitari,
1157 2250 1182 2306 si
1203 2245 1276 2306 iliud
1297 2248 1380 2320 prius

338 2334 379 2391 its
402 2341 515 2391 sortus:
540 2335 621 2390 Dana
642 2333 733 2390 uicicts
754 2327 903 2396 Anderea
925 2335 962 2388 iat
984 2349 1028 2401 os,
1055 2330 1100 2390 oia
1121 2335 1226 2401 Kouc,
1249 2328 1305 2389 lroo
1324 2351 1379 2406 po·

337 2416 446 2477 sterius
470 2424 583 2473 anterus
618 2417 698 2474 Dorio
726 2433 756 2472 ca
785 2418 822 2473 ist
841 2411 957 2476 Nicdta
981 2413 1084 2474 orders
1104 2415 1150 2472 oia
1172 2419 1287 2486 ticum,
1319 2437 1379 2489 quo

338 2497 425 2562 modo
446 2499 534 2558 etiem
560 2497 634 2558 iliud
657 2498 760 2557 uudcrs
782 2515 879 2570 nequa
900 2506 1016 2556 accentu
1035 2505 1156 2557 notetur
1176 2505 1206 2556 et
1226 2499 1320 2574 magis
1341 2499 1379 2558 ad

338 2584 583 2658 comparationem
598 2579 833 2656 trehitrrr,rpram
844 2579 881 2639 ud
895 2584 1028 2656 superius
1043 2585 1236 2641 enuntiatum.
1263 2580 1376 2659 ltaque,

301 2732 304 2738 ¹
338 2666 456 2742 quade
480 2685 512 2727 ra
534 2667 671 2741 deinceps
695 2666 904 2742 explicabitur,
934 2668 1161 2740 pertinatiam
1185 2668 1377 2743 interpungaa

335 2753 420 2814 iicetr
443 2744 539 2816 οὐδὲν
560 2743 623 2835 γάρ
645 2740 720 2822 ἐστ’,
743 2741 813 2812 ἀλλ’
837 2741 857 2834 ἢ
879 2743 970 2826 κοάξ,
993 2751 1076 2826 quasi
1089 2749 1264 2810 Germanica
1282 2750 1375 2810 dicas:

335 2841 418 2895 Mun
445 2855 475 2894 es
500 2839 538 2894 ist
561 2835 676 2903 Nicits,
705 2835 809 2894 auricus
833 2835 878 2891 ots
898 2837 996 2892 Kone.
1044 2832 1135 2894 Nullo
1165 2844 1262 2894 antam
1288 2837 1375 2896 modo

334 2915 382 2978 iris
402 2921 436 2977 in
455 2916 537 2989 iocis,
558 2919 648 2976 etiarn
671 2917 697 2976 si
717 2936 830 2975 mecum
851 2915 899 2975 vei
920 2937 1057 2976 maxuma
1079 2907 1162 2980 dito
1183 2917 1258 2977 illud
1271 2923 1376 2993 primi·
1468 2939 1469 2992 g

334 3004 426 3062 tirum
454 3001 623 3076 agnoveris,
651 2999 834 3060 scribendum
861 3001 932 3060 erits
966 2991 1061 3064 οὐδὲν
1086 2994 1149 3084 γάρ
1172 2993 1236 3065 ἕω)
1260 2993 1329 3066 ἄλλ’
1354 2995 1375 3090 ἢ

335 3079 428 3162 κοάξ.
469 3079 546 3146 Nam
574 3085 601 3144 si
629 3082 683 3144 hoc
708 3084 799 3160 sacis,
823 3083 896 3144 iilud
924 3072 993 3146 ἄλλ’
1018 3087 1183 3144 necessario
1210 3087 1320 3147 maiore
1343 3090 1375 3150 vi

334 3168 582 3246 pronuntiandum
604 3177 660 3244 eat,
684 3189 773 3244 qnam
791 3169 823 3228 in
845 3167 892 3229 inis
913 3168 1106 3234 locutionibus
1126 3189 1187 3228 non
1204 3179 1303 3244 potest
1324 3173 1376 3232 ob·

334 3257 439 3315 tinere.
482 3251 603 3314 Etenim
623 3256 661 3313 ob
682 3273 747 3314 eam
767 3254 864 3328 ipsam
883 3269 1023 3328 canamus,
1044 3250 1124 3326 qnod
1139 3272 1200 3312 non
1216 3260 1294 3314 esset
1307 3277 1376 3330 pre·

333 3337 438 3398 menda
459 3339 517 3396 ista
539 3356 616 3412 vox,
645 3333 751 3398 Graeci
771 3335 910 3396 dixerunt
932 3325 1002 3398 ἀλλ’
1026 3324 1062 3422 ip‘,
1088 3355 1176 3413 qnam
1197 3337 1235 3398 ed
1254 3339 1375 3400 modum

332 3419 409 3482 banc
436 3420 645 3495 pronuntiandi
669 3423 812 3480 rationem
832 3437 873 3479 ex
893 3422 1015 3496 antiquo
1035 3425 1168 3497 tempore
1186 3433 1374 3498 acceperants

331 3515 364 3564 nt
391 3505 433 3564 ibi
462 3511 573 3562 tantum
602 3493 671 3565 dtt’
697 3497 719 3587 ἢ
746 3503 930 3564 scribendum
956 3507 1012 3581 sit,
1039 3506 1090 3563 ubi
1112 3505 1170 3566 ioci
1190 3515 1296 3575 natura
1316 3505 1375 3569 icoo

330 3607 430 3651 mum
456 3585 531 3661 sert,
559 3593 592 3644 nt
618 3574 700 3650 ἄλλο
721 3589 831 3647 maiore
853 3585 981 3663 pondere
1002 3587 1142 3648 decurrat.
1185 3587 1375 3668 Quamquam

330 3683 392 3735 tam
412 3672 476 3732 tare
496 3671 609 3744 optumi
630 3669 787 3746 scriptores
807 3673 907 3746 potins
929 3661 1010 3735 dito
1034 3662 1054 3756 ἢ
1076 3693 1164 3747 quam
1186 3665 1256 3738 diii?
1281 3669 1302 3762 ἢ
1326 3679 1374 3738 vi·
1466 3753 1467 3758 η

328 3759 435 3820 dantur
461 3754 593 3829 dixisse,
622 3775 680 3830 qna
704 3754 743 3815 da
767 3775 801 3815 re
828 3754 965 3830 deinceps
988 3753 1108 3818 dicetur.
1150 3755 1201 3818 Sic
1222 3759 1375 3824 samiisrma
1466 3823 1467 3836 ,

327 3845 417 3903 etiam
437 3841 488 3902 iiia
508 3837 720 3916 Aristophanis
734 3839 819 3920 ,iocos
839 3840 980 3918 explicari
1000 3843 1119 3920 poterit,
1139 3845 1192 3920 qui
1210 3843 1318 3924 legitor
1339 3849 1374 3910 in
1466 3841 1467 3903 i

328 3931 401 3987 Puoc
421 3947 450 3987 ι.
472 3927 533 3986 475
553 3945 600 4000 sq.

529 4053 594 4110 ott*
614 4057 671 4112 οἵδε
689 4051 714 4126 ,t
733 4047 825 4112 εἷλκον
840 4055 924 4112 oddiu
937 4057 1056 4130 Ἀργεῖοι
1073 4047 1167 4124 πάλαι,

526 4122 581 4176 ritt'
605 4119 620 4192 i
636 4128 789 4194 aorsytieu
805 4129 860 4184 sair
876 4127 1153 4198 ταλαιπωρουμένων.
