3016 4580
320 187 387 260 eto
638 184 704 272 pi,
735 184 783 273 pi
808 207 904 268 sot,
934 187 1053 271 poor.
1173 277 1179 284 ⁹

323 361 500 439 cogitatione
525 357 610 418 tacita
638 379 702 420 rem
726 358 862 434 ,aliquam
889 361 954 420 sins
976 357 1055 420 modi
1081 358 1277 436 supplendam
1303 381 1372 424 esse

304 447 443 528 ¹indicari
478 443 640 506 voluerunt.
692 441 878 525 Quamquam
909 444 1008 504 multis
1037 446 1069 503 in
1101 445 1173 506 locis
1204 457 1261 506 tam
1292 447 1370 508 lenis

323 531 512 608 oppositionis
535 530 611 588 ratie
633 536 695 604 est,
718 538 764 603 ut,
790 531 817 588 ai
841 549 903 588 rem
925 530 1068 604 copiosius
1093 533 1278 606 exponimus,
1300 533 1370 608 plns

322 617 356 674 in
380 634 430 674 eos
456 614 536 672 locos
559 613 670 672 inferre
693 613 861 688 videamur,
892 634 980 688 quarn
1003 623 1115 672 veteres
1137 618 1294 690 scriptores
1317 639 1370 676 ro·

322 687 441 759 luerint'.
483 694 545 756 Sed
575 707 671 756 tamen
699 697 781 755 nulia
809 699 917 771 poterit
937 700 1083 756 contentio
1105 697 1170 757 fieri
1192 703 1256 758 eius
1278 698 1368 774 modi,

323 803 413 859 qnam
430 779 520 840 ,hebet
542 781 683 856 particula
704 777 750 862 γε’,
771 782 828 840 nisi
845 780 946 854 plures
959 801 1007 841 res
1022 783 1120 840 animo
1134 783 1252 857 quidem
1268 795 1368 844 nostro

322 879 489 940 teneamus,
524 864 650 940 ideoque
679 883 796 939 semper
821 865 931 940 aliquid
957 867 1129 940 cogitatione
1158 868 1367 928 adsumendum

324 959 386 1026 est,
416 952 503 1010 etiam
533 951 559 1009 ai
586 948 617 1008 id
643 949 801 1008 levissuma
827 951 1009 1024 oppositione
1033 958 1063 1008 et
1085 950 1172 1009 celeri
1193 954 1368 1028 cogitatione

322 1035 392 1094 fieri
412 1033 515 1108 debet,
537 1042 568 1090 nt
588 1034 684 1106 ipsam
706 1051 768 1092 rem
788 1035 979 1107 potissumum
1000 1035 1149 1110 osunen,
1169 1057 1230 1094 non
1255 1049 1314 1096 tam
1335 1041 1368 1097 in

321 1119 376 1178 illo
397 1117 529 1191 haereas,
555 1115 632 1190 quod
654 1115 690 1173 ad
707 1116 910 1192 explicandam
928 1113 1102 1176 sententiam
1115 1119 1216 1192 paullo
1228 1123 1368 1196 pinguius

323 1200 534 1262 adsumendum
561 1219 626 1258 esse
651 1199 793 1259 videatur.
850 1198 901 1260 Sic
929 1202 961 1259 in
989 1201 1042 1259 illo
1070 1202 1135 1262 loco
1161 1202 1368 1264 Demosthenis

325 1295 397 1347 crat.
427 1285 539 1358 onata.
569 1281 594 1342 Ι.
624 1287 650 1356 §.
679 1289 731 1342 27.
760 1273 806 1343 ed.
832 1281 932 1343 Beki.
958 1305 989 1358 p.
1020 1290 1068 1343 17.
1098 1285 1143 1348 ed.
1166 1285 1288 1363 Raisk„
1318 1291 1366 1348 nbi
1436 1323 1442 1328 -

324 1371 445 1430 dieitur:
476 1362 546 1430 Καὶ
572 1357 740 1452 npooc'ob'
765 1359 785 1451 ἡ
812 1361 909 1467 ὕβρις
935 1362 991 1430 καὶ
1013 1360 1063 1430 ἔτι
1084 1361 1103 1453 ἡ
1127 1371 1191 1432 τῶν
1211 1365 1368 1454 πραγμά-

325 1475 392 1517 των
420 1443 569 1534 αἰσχύνη,
599 1441 758 1528 οὐδεμιᾶς
780 1444 923 1513 ἔλαττων
946 1447 1064 1533 ζημίας
1084 1455 1155 1528 τοῖς
1175 1475 1212 1531 ys
1233 1449 1368 1538 σώφρο-

327 1557 400 1607 σιν.,
423 1555 480 1611 quo
501 1537 534 1592 in
555 1535 618 1594 ioco
638 1555 725 1609 quom
749 1533 963 1595 Demosthenes
985 1555 1050 1594 non
1066 1537 1236 1612 simpliciter
1258 1539 1367 1599 dixerit

327 1623 400 1695 τοῖς
421 1612 602 1762 σώῗροσιν,
622 1619 803 1696 pandentibus
826 1619 1001 1694 horninibus,
1025 1620 1078 1680 sed
1097 1623 1169 1696 τοῖς
1184 1643 1220 1702 γε
1234 1619 1368 1706 σώφρο-

217 1731 221 1738 ·
327 1723 389 1775 σιν,
409 1723 462 1781 pru
484 1703 591 1762 entibus
612 1703 722 1780 quidest
742 1704 908 1774 bontinibus,
927 1714 1048 1785 apparet
1068 1707 1130 1762 eins
1145 1709 1243 1764 animo
1265 1709 1367 1767 obver-

325 1797 420 1848 satam
438 1806 502 1846 esse
517 1783 661 1861 quandam
676 1789 903 1862 oppositionem,
924 1789 1019 1862 qualis
1033 1789 1138 1847 fuerit:
1162 1783 1250 1872 εἰμὴ
1264 1791 1368 1854 πᾶσιν

327 1861 541 1952 dodonaeas,
572 1870 644 1944 τοῖς
673 1889 710 1950 pe
742 1863 924 1953 σώφροσιν,
958 1880 1007 1928 aut
1041 1872 1153 1946 aliquid
1183 1875 1245 1933 aius
1279 1875 1368 1949 modi,

326 1972 504 2032 quamquam
528 1954 625 2012 mium
653 1961 751 2010 exstat
778 1954 835 2010 ista
856 1956 1048 2029 oppositionis
1069 1959 1161 2031 ratio,
1187 1959 1212 2016 si
1231 1957 1367 2030 indicata,

327 2057 416 2114 quem
444 2038 469 2095 si
500 2038 571 2111 ipsis
596 2029 694 2096 verbis*
725 2034 870 2094 declarata
900 2047 953 2096 est.
1003 2037 1173 2115 Eademque
1202 2041 1366 2116 explicandi

327 2124 404 2181 ratio
425 2119 583 2181 obtinenda
603 2129 645 2178 est
665 2121 753 2180 etiam
775 2122 866 2178 iniis
888 2121 970 2197 locis,
993 2123 1025 2181 in
1048 2127 1153 2198 quibus
1173 2128 1272 2185 minus
1292 2147 1368 2186 oom-

328 2205 415 2265 mode
444 2205 578 2264 rideatur
606 2205 666 2264 isto
692 2203 778 2263 modo
805 2205 937 2280 suppleri
965 2227 1054 2282 posse
1081 2212 1188 2286 oratio,
1216 2210 1307 2270 palmi
1335 2211 1367 2269 in

308 2287 540 2364 *Aristophanis
560 2287 615 2347 illo
635 2307 675 2348 ex
693 2293 788 2366 dispuit.
809 2309 839 2350 v.
862 2294 933 2348 382.

407 2426 464 2489 Ἠν
483 2430 538 2506 iipn
555 2431 640 2505 πυρός
656 2431 691 2504 γ’,
705 2434 784 2510 ἕτερα
799 2431 963 2513 θερμότερα,
981 2439 1029 2494 teni
1043 2436 1135 2511 λόγων
1154 2439 1186 2496 ἐν
1203 2437 1282 2496 πόλει

414 2507 470 2559 τῶν
486 2501 608 2559 ἀναιδῶν
624 2501 819 2578 ἀναιδέστερον
835 2507 900 2575 aad,

327 2649 386 2710 quo
413 2630 447 2690 in
474 2627 539 2688 loco
561 2629 605 2688 ita
633 2607 754 2689 effertur
780 2623 889 2714 πυρὸς
918 2650 973 2705 per
997 2631 1169 2708 particulam
1194 2627 1247 2714 γέ,
1280 2635 1313 2690 nt
1340 2633 1368 2694 si

327 2733 442 2774 omnem
470 2720 575 2790 poetae
600 2715 803 2791 cogitationem
830 2735 980 2788 exponere
1009 2715 1099 2790 velis,
1128 2719 1169 2776 ita
1195 2710 1369 2792 explicanda

325 2819 375 2860 res
400 2817 464 2858 esse
486 2797 635 2857 videatur:
660 2803 784 2856 Fnorttnt
806 2801 901 2871 ἰρίὶυν,
924 2803 1036 2856 occissis
1057 2799 1173 2876 reliquis
1192 2799 1284 2871 reboo,
1304 2806 1368 2876 igne

326 2881 437 2958 quidem
457 2881 518 2938 aba
543 2879 681 2938 calidiora
707 2888 773 2946 ate,
804 2899 979 2951 quemqnam
1003 2882 1076 2956 ista,
1108 2903 1183 2956 quae
1206 2903 1224 2942 a
1245 2903 1292 2941 me
1315 2903 1368 2942 ex·

324 2963 494 3037 plicationis
520 2979 620 3020 canses
641 2960 813 3034 interposite
834 2971 909 3038 sunt,
931 2963 1020 3022 molto
1040 2961 1138 3028 leuius
1159 2975 1189 3026 et
1210 2963 1367 3026 modestius

326 3053 451 3120 aposta
468 3043 680 3120 significantur.
723 3041 781 3102 Sed
803 3053 897 3104 tamen
918 3067 974 3122 per
993 3050 1163 3124 perticulam
1183 3043 1219 3126 γὲ
1238 3047 1367 3122 adsurgit

325 3129 368 3188 ita
389 3130 482 3202 oratio
502 3127 539 3186 ed
561 3147 669 3186 nornen
690 3120 811 3212 πυρός,
836 3141 867 3188 ut
888 3131 986 3204 aliquo
1010 3133 1093 3204 quasi
1115 3129 1207 3205 gradu
1225 3129 1368 3210 indigeat,

325 3233 381 3287 per
401 3232 489 3288 quem
507 3232 543 3272 eo
564 3213 726 3287 perveniat.
770 3211 889 3290 Quoia
908 3211 972 3271 loco
993 3212 1167 3286 explicando
1188 3215 1214 3272 si
1235 3217 1300 3290 quis
1315 3236 1368 3275 no·

257 3317 260 3324 ·
326 3303 417 3356 stram
440 3298 583 3356 rationem
605 3296 815 3370 improbaverit
841 3303 929 3369 atque
952 3295 1007 3356 hoo
1028 3295 1118 3372 dicat,
1146 3305 1259 3358 tantum
1280 3301 1366 3360 modo

325 3397 395 3437 soce
421 3379 580 3438 tollendam
605 3400 674 3440 esse
700 3399 800 3437 uocem
821 3371 941 3464 πυρός,
971 3389 1004 3440 ut
1024 3378 1061 3438 de
1081 3385 1224 3442 sententia
1245 3391 1367 3462 constet,

324 3469 402 3520 recte
423 3461 475 3520 ille
497 3461 615 3536 quidem
635 3461 672 3520 de
692 3464 877 3522 contentione
897 3465 978 3524 vocis
998 3466 1031 3523 in
1052 3468 1142 3525 verbo
1164 3463 1287 3552 πυρός,
1315 3467 1367 3528 sed

322 3544 376 3605 ille
396 3554 494 3604 tamen
511 3547 576 3620 ipsa
594 3547 741 3603 contentio
759 3547 840 3605 vocis
857 3547 980 3606 eandem
998 3569 1125 3609 caussam
1140 3553 1225 3611 tacita
1239 3552 1365 3612 denotat.

213 3627 217 3640 ’
323 3626 429 3704 ltaque
455 3649 517 3688 rem
542 3628 709 3688 debebimus
737 3637 834 3688 tamen
859 3629 959 3705 paullo
989 3637 1128 3710 pinguius
1156 3637 1195 3693 ita
1226 3639 1365 3712 accipere,

324 3717 409 3792 qnasi
432 3723 535 3774 nostre
557 3713 659 3787 lingue
679 3715 825 3788 copiosius
850 3706 943 3776 dica'se
970 3719 1055 3778 Nocb
1077 3719 1172 3779 doiner
1191 3721 1269 3778 Rode
1288 3735 1367 3778 musa

322 3803 491 3876 menipstena
519 3797 573 3858 das
599 3803 689 3858 Fener
713 3799 786 3858 noch
812 3818 866 3858 oon
894 3801 1016 3861 anderen
1043 3807 1154 3878 Diogen
1184 3823 1222 3860 an
1249 3805 1367 3860 Wtimte

321 3880 491 3972 dbmtroffen
516 3883 653 3954 nermo„
685 3883 789 3958 quibus
817 3885 916 3966 verbis
940 3888 981 3945 ita
1007 3886 1058 3946 ills
1078 3907 1139 3946 uox
1159 3884 1294 3960 effertur,
1322 3891 1372 3962 ut,·
1491 3923 1492 3934 r

323 3985 500 4039 quamquam
521 3969 573 4026 vix
593 3966 752 4042 quidquam
772 3971 843 4043 igne
861 3969 983 4030 calidius
995 3971 1115 4047 cogitari
1129 3970 1246 4043 poterit,
1268 3977 1366 4030 tamen

322 4045 356 4108 in
379 4046 460 4134 chori
481 4051 612 4112 oratione
634 4071 688 4126 per
711 4056 971 4130 exaggerationem
987 4057 1034 4116 rai
1054 4053 1183 4131 dicatur,
1201 4054 1368 4126 minumum
