3016 4580
400 259 404 272 ¹
465 225 574 332 ἕχρι
605 251 643 306 ct
672 239 822 331 μέχρι.
1049 272 1052 282 “
1104 241 1170 314 225

121 415 233 478 obiecta
257 407 284 496 jz
313 409 413 472 littera
430 402 451 477 ἶ
471 411 582 474 vocalia
602 419 761 474 mutaretur
779 415 812 474 tn
833 409 875 488 ἃ,
902 431 958 476 nec
981 413 1099 474 omniuo
1120 414 1166 478 di·

120 518 238 560 verram
268 517 333 557 aare
357 498 510 572 utrimque
534 499 696 574 particulae
715 500 777 558 vim
797 517 830 557 ac
849 507 1030 573 potcatatem.
1072 497 1164 560 Nam·

122 601 181 659 qne
202 581 259 640 hoc
283 601 354 682 vega
377 588 477 640 noatro
508 585 638 656 tempora
664 579 800 642 viderunt
826 581 1067 684 lexicographi,
1075 603 1164 658 quem

121 666 158 727 ad
176 653 339 725 modum''
317 683 394 744 αχρι
418 673 571 739 cognatum
593 685 657 726 erse
675 664 823 726 videretur
842 687 908 724 cum
927 655 1067 726 verbia'
1048 662 1111 751 ακὴ
1134 675 1164 728 et

122 769 258 849 αιρος,
263 751 304 808 ita
323 745 421 832 μέχρι
442 751 590 824 pertinere
611 749 649 809 ad
669 751 736 809 iataa
757 751 899 810 orationis
919 749 1038 826 formae,
1060 750 1162 824 quater
1248 763 1254 770 ‘

121 841 186 894 aunt
209 832 333 915 μῆκος,
362 827 492 912 μακρὸς
520 841 573 892 etc.
615 831 667 892 Ex
692 831 747 892 lrac
769 843 865 892 autem
888 835 1003 910 origine
1029 834 1164 909 singulae

121 921 172 977 aaa
194 914 372 991 particulae,
393 918 448 974 atai
470 913 570 976 eodem
592 937 712 991 promus
736 916 822 976 modo
843 936 861 974 a
882 919 979 976 verbis
1000 919 1162 992 primitivis
1213 943 1218 950 ·

121 1001 181 1060 ruia
202 999 341 1058 deductae
362 1006 440 1075 aunt,
461 998 606 1074 diaparem
628 1009 724 1060 tamen
744 1003 805 1058 vim
827 1019 859 1059 ac
875 1009 1048 1076 potentatem
1062 1011 1163 1061 traxe·

120 1092 205 1159 ruat,
238 1103 326 1159 quom
356 1081 448 1142 altera
474 1083 641 1158 particula
647 1085 780 1159 epatium,
801 1083 893 1161 illud,
924 1085 1018 1160 quoad
1049 1084 1162 1160 aliquid

120 1170 267 1244 pertinere
292 1165 453 1241 dicaretur,
480 1169 633 1228 metiretur
660 1188 700 1226 ex
721 1167 890 1244 altitudine,
919 1170 1011 1228 altera
1031 1189 1100 1228 varo
1122 1187 1162 1230 ex

121 1250 313 1325 longitndine.
356 1248 441 1328 Quae
463 1250 687 1324 aiguiticationia
704 1251 869 1326 diversitati,
892 1273 1068 1328 quamquam
1085 1261 1162 1312 ntra·

122 1355 179 1410 qua
200 1333 351 1410 particula,
375 1337 610 1408 quamprimum
631 1334 749 1394 deloco
771 1346 970 1410 usurparetur,
989 1357 1059 1394 mox
1072 1339 1162 1410 etiam

120 1418 156 1478 ad
174 1419 313 1492 temporis
329 1417 511 1491 aliarumque
525 1419 681 1478 multarum
695 1439 793 1478 remum
808 1419 1050 1496 significationem
1066 1429 1161 1480 traua

119 1501 180 1561 latu
206 1507 266 1576 eal,
298 1509 393 1560 tameu
422 1503 510 1561 etium
538 1504 569 1560 in
598 1501 645 1560 laia
669 1503 905 1562 translationibus
927 1503 1050 1604 quodam
1075 1503 1161 1562 modo

120 1587 262 1645 manaiaae
292 1585 417 1644 videtur.
466 1582 623 1643 Etenim
615 1605 644 1644 ru
673 1581 722 1644 laia
749 1605 867 1659 quoqne
894 1586 984 1660 locia,
1017 1589 1041 1645 si
1067 1607 1161 1660 ponaa

120 1659 768 1826 littaittti‘?titittlttttt?
743 1709 768 1811 ἐι
784 1667 1161 1833 :itimtiitlttt

81 1895 85 1919 Ι
120 1833 192 1913 Quo
219 1832 304 1892 modo
326 1838 415 1894 etiam
436 1834 510 1894 illud
531 1835 637 1894 sactum
661 1855 724 1895 ease
744 1834 886 1908 videtur,
906 1842 938 1892 ut
957 1839 993 1894 ab
1014 1839 1162 1910 antiquio·

118 1917 201 1977 rilna
230 1916 347 1992 quidem
374 1927 455 1978 certe
477 1920 662 1994 rcriptoribus
691 1921 807 1994 saepius
833 1914 954 2024 μέχρι
962 1921 995 1978 iu
1023 1921 1162 1980 cotidiani

119 2004 262 2066 aermonia
286 2001 420 2061 lormulu
446 2011 618 2078 usurpatum
644 2005 792 2076 invenias,
824 2021 911 2076 quam
941 1993 1026 2086 ἄχρι.
1074 2002 1160 2064 Faci-

118 2085 177 2146 liuu
209 2087 288 2143 enim
315 2088 348 2145 iu
378 2086 523 2160 plurumis
555 2087 625 2146 locis
652 2107 671 2146 a
696 2085 881 2161 longitudine
910 2093 991 2158 petae
1018 2090 1160 2149 orationis

118 2169 278 2248 imaginem
305 2189 394 2244 quam
420 2171 457 2229 ab
487 2169 649 2230 altitudine.
699 2167 761 2229 Sed
790 2169 884 2228 dicam
909 2168 946 2227 da
976 2169 1065 2229 altera
1091 2191 1160 2246 par·

118 2253 206 2312 tiunla
225 2255 318 2328 priua

190 2326 290 2418 Αχρι
317 2337 398 2397 enim
426 2359 513 2413 quom
542 2339 670 2414 primum
694 2335 726 2399 id
754 2337 950 2416 significaret,
980 2338 1058 2414 quod
1085 2345 1161 2400 esset

117 2427 169 2479 aut
190 2419 306 2478 lieret'
295 2443 327 2480 ιιι
349 2421 503 2481 alicuius
490 2425 534 2482 rei
555 2444 667 2482 summa
687 2435 771 2498 parte
791 2433 840 2482 ant
855 2423 1050 2498 extremitate,
1072 2444 1161 2498 quem

117 2502 292 2563 admodum
313 2503 460 2564 Homerus
481 2507 639 2580 aliquoties
660 2507 830 2581 particulam
850 2508 966 2580 posuit,
994 2507 1030 2564 cf.
1050 2504 1160 2566 lliadoe

116 2587 169 2646 lilr.
196 2584 254 2647 lv.
283 2607 313 2648 v.
342 2591 414 2648 522.
441 2589 493 2650 lib.
517 2587 625 2648 XVll.
654 2610 682 2648 v.
705 2593 798 2664 599„
826 2589 931 2648 deinde
958 2591 1001 2647 ita
1026 2591 1161 2664 usurpari

115 2679 250 2746 coeptum
279 2680 340 2746 eat,
369 2681 401 2731 ut
424 2675 466 2749 ai
451 2671 603 2731 nificaret
625 2672 751 2745 aliquam
775 2693 846 2730 rem
860 2690 952 2744 nsque
977 2671 1015 2730 ad
1038 2672 1160 2730 alteram

115 2755 160 2813 ita
179 2756 361 2830 continuari,
383 2763 433 2832 nt,
457 2758 541 2831 quasi
561 2757 597 2815 ad
620 2753 766 2830 quandam
790 2753 984 2826 altitudinem,
1015 2753 1052 2810 ad
1075 2755 1160 2812 illam

116 2837 277 2914 adaurgera
306 2840 467 2899 videreturr
496 2861 586 2916 qnam
606 2840 740 2899 vocabuli
759 2837 1005 2916 significationem
1026 2837 1159 2897 videmus

116 2941 183 2982 eoae
204 2941 320 2998 aamper
340 2933 494 2998 servatam,
515 2947 574 2984 non
595 2926 636 2984 ita
659 2923 788 2999 quidam,
808 2931 839 2982 ut
860 2941 978 2982 revera
999 2919 1037 2979 de
1059 2921 1165 2997 aliqua.

116 3005 311 3080 altitudine,
302 3029 334 3066 ιιι
356 3028 443 3082 quam
463 3007 535 3084 quid
547 3007 880 3082 cacendiaaavideretur,
899 3008 1084 3080 cogitaretur,
1106 3005 1160 3068 aed

75 3153 77 3158 ,
115 3097 149 3146 nt
170 3093 268 3148 tamea
285 3091 411 3166 aliquam
431 3094 496 3150 eina
514 3092 558 3149 rei
578 3075 795 3149 similitudinem
811 3108 993 3162 canasaprue
1010 3089 1158 3149 sesemet.

114 3168 220 3270 ltaque
245 3174 304 3233 alla
324 3175 523 3235 similitudinis
543 3173 638 3234 forma
658 3181 716 3246 eat,
739 3177 765 3234 ai
787 3173 882 3231 dicas·
911 3165 987 3251 ἓξχρι
1008 3165 1096 3252 πρὸς
1116 3169 1168 3252 vul:

115 3242 196 3341 ὄρη,
228 3258 305 3332 alia,
333 3262 358 3318 ai
381 3259 475 3320 dicant
503 3254 629 3340 μέχρι
620 3252 707 3343 πρὸς
726 3247 809 3318 ud'
790 3275 861 3338 ορη.
904 3251 981 3310 Illud
1006 3257 1100 3330 enim,
1131 3256 1162 3316 ai

115 3341 236 3414 propria
264 3341 340 3400 velie
370 3343 507 3418 reddere,
538 3353 598 3402 eata
626 3342 669 3401 bio
694 3342 781 3400 lciuou
810 3357 847 3396 zo
873 3336 926 3396 ‹lcu
951 3341 1072 3414 Barpana,
1103 3335 1159 3400 hoc

115 3420 1160 3501 auram-tuatnzauanuerpm.Sed‚urdixi·1amsupra,hoe

114 3504 275 3566 diacrimen
302 3526 361 3564 uon
382 3512 543 3570 mauritan
565 3511 630 3584 ipsa
651 3529 701 3583 re,
728 3507 781 3568 aad
801 3513 913 3566 tantum
935 3506 1051 3565 modo·
1041 3527 1074 3564 ιιι
1094 3525 1160 3566 ora·

113 3591 209 3648 tiocia
230 3587 335 3661 torma,
357 3598 389 3646 nt
409 3593 446 3652 de
466 3593 569 3652 eudem
589 3613 622 3652 ra
643 3593 728 3652 modo
749 3611 856 3674 μεχρι,
875 3581 1002 3652 modo'‘
981 3608 1056 3670 αχρι
1075 3606 1160 3649 uaur·

111 3679 218 3749 patum
249 3671 306 3746 ait,
339 3676 435 3745 prouti
464 3679 521 3749 qni
543 3676 675 3752 loquitur
702 3674 924 3736 similitudinem
950 3672 1032 3732 illam
1060 3674 1159 3730 auimo

112 3756 291 3830 conceperit.
334 3751 384 3812 Si'c
401 3757 478 3830 quod
495 3758 531 3817 da
548 3759 611 3818 loco
630 3759 708 3819 dixit
720 3757 895 3816 Luciauua'
886 3777 920 3815 ιιι
937 3758 1019 3814 vaae
1032 3754 1161 3812 tutorum

111 3837 168 3900 lib.
190 3847 219 3898 1.
241 3841 347 3912 §.172
371 3833 441 3902 Καὶ
462 3833 704 3940 ἐπεξῆλθον“οι
725 3832 964 3922 ἇεροιιώνωιιες
986 3825 1163 3910 διώκοντες

102 3941 195 4006 Δαχρι
221 3915 310 4008 πρὸς
335 3917 416 3998 τούς
441 3917 591 3999 πεζούς,
619 3920 701 3998 qnod
726 3927 828 3979 nostra
851 3921 954 3994 lingna
972 3923 1088 3976 certata
1118 3922 1161 3978 eie
1220 3959 1224 3964 -

113 4003 244 4084 διιιιιιιιι
262 4025 316 4067 uer
335 4009 379 4068 lia
398 4007 488 4068 lim
506 4024 545 4065 zu
564 4005 618 4065 deu
637 4003 847 4074 Fuaaaoldotau,
868 4002 899 4062 id
920 3999 977 4060 dici
998 4001 1084 4062 etiam
1104 4023 1161 4077 po*

114 4089 204 4234 wll
219 4085 317 4177 μέχρι
334 4083 533 4179 moderetis
558 4080 707 4171 πεζούς,
735 4084 815 4165 quod
841 4087 1011 4233 emetlt5fii⁰
1035 4085 1162 4166 drouart
