2994 4592
674 181 681 202 .

346 249 412 321 1oe
838 245 898 321 ὄν.

346 425 385 486 ab
403 445 458 502 eo,
479 431 514 485 nt
533 423 679 502 dicamus,
701 425 727 484 sl
748 423 868 500 qnidam
888 425 939 485 lint
961 431 1010 484 aut
1029 424 1094 486 lieri
1114 427 1217 504 possit,
1238 431 1326 502 stone
1345 431 1389 489 sic
1489 421 1490 450 ³

345 511 436 571 otium
456 509 592 571 noluntas
613 517 713 569 nostra
732 507 873 585 proditur,
894 508 946 570 sed
967 520 1064 570 tamen
1084 530 1143 570 noo
1164 508 1238 570 adso
1258 524 1368 588 aparte.

428 590 541 654 Eodem
562 592 649 653 modo
671 614 718 653 rea
739 613 773 654 aa
792 591 898 668 babet,
926 597 953 654 si
973 595 1114 669 particula
1132 584 1173 658 do
1185 595 1257 654 'curn
1277 597 1387 656 iudica·

345 677 407 737 tiro
442 679 543 740 coristi
571 685 623 737 ant
648 678 812 753 imperfecti
842 685 893 736 ant
922 678 1201 754 plusquamperfecti
1236 683 1386 741 coniuncta

344 759 470 838 legitur,
500 761 537 821 ds
569 763 674 838 quibus
704 760 776 821 locis
807 770 887 821 recte
914 762 1071 837 explicavit
1099 759 1245 822 Duranius
1273 786 1304 839 p.
1334 772 1387 824 30.

344 843 532 926 Quamquam
562 847 595 905 in
625 845 748 920 singulis
772 847 1001 920 interpretandis
1025 847 1096 906 lucin
1120 846 1220 922 paullo
1245 849 1386 926 pinguius

343 949 409 990 rem
435 932 587 1006 tractarit,
613 939 645 989 ut
672 929 752 1004 quod
780 931 813 989 in
843 928 978 990 isocratis
1004 934 1178 1007 Panepprico
1204 933 1233 1004 5.
1258 935 1310 992 75.
1338 933 1386 992 ed.

343 1009 443 1094 Beki.
464 1034 496 1089 p.
520 1016 590 1074 155.
612 1013 658 1074 ed.
679 1010 719 1075 Η.
743 1009 847 1089 Stepb.
869 1016 975 1074 rerba:
1013 999 1059 1076 ὧν
1086 1003 1184 1078 οὐδὲν
1210 1005 1251 1077 tta
1278 1007 1385 1100 ἔντρα-
1489 1067 1490 1096 p

344 1091 421 1172 ξαν,
450 1089 481 1160 cl
506 1091 553 1181 μὴ
581 1092 670 1160 πολὺ
690 1093 750 1180 τὴν
770 1091 872 1180 φύσιν
892 1091 1079 1182 διήνεγκαν,
1106 1099 1314 1174 interpretatos
1340 1105 1386 1160 cot
1489 1103 1490 1170 Τ

235 1193 238 1198 “
341 1177 468 1241 Latine:
504 1200 626 1258 quornm
645 1181 718 1256 nibil
742 1179 852 1255 efficere
877 1187 1049 1259 potuissent,
1080 1181 1160 1256 qnod
1183 1191 1245 1242 erat
1267 1191 1384 1244 verten-
1489 1231 1490 1236 ,

314 1263 428 1324 -διιιιιι
460 1283 580 1342 camna
604 1264 677 1324 nibil
702 1261 856 1338 efferbuerat
880 1273 931 1324 ant
959 1263 1110 1340 efficorent.
1152 1263 1214 1326 sec
1241 1263 1314 1326 baec
1340 1289 1383 1327 ex

234 1393 237 1404 .
340 1350 391 1423 iis,
413 1366 489 1423 qnae
509 1356 538 1408 et
560 1350 627 1422 ipso
647 1345 794 1409 Denarins
811 1348 971 1424 disputarit
994 1357 1023 1409 et
1043 1369 1098 1410 nos
1118 1348 1212 1410 adiano
1233 1350 1383 1413 adnotari-

340 1449 418 1508 mus,
442 1451 517 1490 nnus
540 1434 666 1506 quisque
686 1431 772 1491 facile
793 1435 919 1508 corriget
938 1435 1013 1509 ipse.

425 1513 584 1576 Difficilior
603 1519 736 1592 quaestio
755 1525 809 1592 sst,
830 1537 918 1592 quarn
938 1520 1077 1592 quoniam
1090 1514 1237 1582 Derarins
1251 1515 1305 1588 boc
1318 1518 1384 1578 loco

340 1599 453 1676 attigit,
483 1598 532 1658 laic
561 1599 766 1678 exponendam
794 1602 933 1676 arbitror,
962 1623 1033 1660 nnm
1058 1603 1151 1676 possit
1176 1601 1317 1677 particula
1342 1596 1383 1666 ἂν

340 1705 407 1743 cum
434 1682 603 1749 iudicatiria
632 1695 797 1762 temporum
828 1705 945 1762 eorunm,
976 1704 1052 1762 qnae
1078 1685 1210 1745 absoluta
1238 1685 1383 1762 dicuntur,

338 1771 520 1844 praesentis,
548 1768 689 1844 perlecti,
717 1769 809 1828 futuri
830 1772 975 1846 componi.
1018 1768 1087 1849 Quo
1107 1769 1144 1830 δο
1165 1791 1219 1828 usn
1242 1773 1382 1830 universo

339 1870 430 1927 quom
448 1848 594 1911 Devarins
614 1873 645 1927 p.
667 1857 718 1912 30.
739 1852 901 1927 praefracte
921 1853 1136 1931 denegavisset,
1158 1862 1254 1922 tamen
1276 1877 1306 1930 p.
1328 1861 1381 1914 32.

339 1937 483 1994 concessit
509 1935 621 2010 aliquid
650 1933 687 1994 de
715 1935 830 2012 futuro,
861 1943 893 1994 ut
922 1940 955 1996 in
984 1940 1028 1996 sin
1081 1939 1125 1996 eri
1154 1945 1266 1996 tantnm
1293 1939 1380 2006 modo

338 2020 551 2078 enuntiationis
590 2017 760 2078 condicione
795 2021 894 2080 futuro
928 2012 968 2083 tio
999 2021 1170 2096 partrculam
1202 2021 1381 2085 concederet.

338 2099 402 2162 ssd
429 2105 486 2162 ista
515 2111 612 2162 tamen
633 2102 780 2180 condicio,
805 2124 864 2179 qna
885 2101 1033 2165 Denarius
1054 2105 1153 2164 tuturo
1174 2107 1313 2166 concernit
1338 2097 1381 2168 dv

336 2186 526 2263 particulam,
548 2189 610 2248 eius
630 2187 710 2247 modi
732 2198 792 2263 est,
816 2199 849 2248 nt
871 2187 945 2248 mibi
966 2209 985 2248 a
1004 2189 1123 2264 reliquo
1141 2209 1197 2250 usn
1219 2190 1381 2266 particulae

315 2273 470 2348 'separari
500 2291 590 2346 pom
616 2289 676 2330 non
704 2271 847 2332 rideatur.
898 2271 994 2352 Quam
1024 2273 1061 2334 ob
1089 2293 1152 2333 rem
1182 2282 1243 2334 tum
1263 2273 1381 2334 deornm

337 2354 375 2415 de
400 2353 461 2414 illis
489 2355 561 2414 locis
591 2353 735 2434 dicemus,
764 2362 919 2433 postquam
944 2355 981 2446 de
1000 2359 1083 2417 omni
1102 2355 1158 2417 bac
1178 2357 1309 2418 doctrina
1326 2379 1380 2420 ex·
1489 2389 1490 2400 ι

221 2485 223 2495 .
335 2439 530 2516 posuerimus.

419 2518 523 2596 Atque
550 2528 583 2580 nt
610 2523 738 2599 ingenus
764 2520 876 2597 fatear,
904 2543 980 2599 qnae
1003 2542 1069 2584 mea
1089 2522 1126 2585 da
1146 2545 1201 2584 usn
1219 2524 1380 2600 particulae

334 2593 378 2670 dv
406 2607 439 2665 in
471 2607 649 2681 temporibus
680 2606 819 2668 absolutis
848 2610 950 2684 opinio
979 2610 1035 2682 sit,
1067 2629 1128 2668 non
1158 2609 1244 2670 orado
1274 2629 1329 2685 ego
1360 2629 1379 2671 a

334 2687 456 2752 Graecis
477 2691 684 2766 scriptoribus,
711 2697 837 2768 excepto
856 2692 979 2752 sommae
998 2689 1130 2752 Homero
1151 2702 1181 2752 et
1203 2694 1379 2767 quibudam

334 2774 493 2851 singularis
514 2775 640 2834 alienius
661 2773 777 2836 dialecti
798 2777 972 2850 auctoribus,
992 2776 1163 2850 particulam
1182 2767 1225 2841 dv
1245 2798 1311 2836 cum
1329 2779 1379 2836 in·

334 2856 459 2916 diootiro
479 2858 570 2917 lutari
592 2867 642 2916 ant
662 2860 827 2931 proesentis
847 2877 954 2918 revera·
969 2867 1160 2922 constructam
1180 2880 1258 2935 esso,
1274 2871 1307 2920 ut
1325 2881 1377 2920 eos

332 2937 424 3015 locos,
445 2942 497 3013 qui
517 2937 574 2997 bue
593 2939 689 2998 lacera
711 2939 875 3016 rideantur,
896 2950 955 3018 aut,
973 2963 1061 3018 quom
1080 2947 1210 3020 corrupti
1230 2945 1377 3020 leguntur,

333 3021 531 3082 emendandae
561 3030 630 3099 aut,
660 3023 689 3085 si
712 3022 864 3100 depravati
883 3045 944 3086 uon
968 3029 1046 3104 sint,
1073 3027 1161 3088 aliter
1184 3028 1376 3104 explicandos

332 3107 518 3167 existumem.
605 3139 606 3144 ν
1126 3151 1131 3156 -

414 3189 465 3252 Ac
492 3191 617 3267 primum
645 3191 764 3265 quidem
787 3189 882 3252 dicam
903 3191 942 3264 de
961 3195 1107 3270 praesenti
1128 3201 1267 3270 tempore.
1309 3189 1376 3256 Ve-

331 3277 409 3335 teres
438 3275 557 3350 quidem
585 3278 766 3353 grammatici
788 3289 1074 3356 negaremntposse
1096 3276 1236 3340 cumbae
1256 3286 1285 3338 et
1309 3300 1375 3338 cnm

330 3356 430 3417 futoro
455 3358 627 3432 particulam
653 3349 694 3422 iio
718 3363 877 3438 coniungi,
902 3363 980 3422 cons.
1002 3359 1187 3439 scriptur-'Dc
1205 3367 1322 3437 spntcci
1340 3363 1374 3422 in

330 3437 356 3500 l.
385 3439 517 3501 Belleri
542 3440 687 3501 Anecdot.
713 3445 773 3504 vol.
797 3442 822 3508 l.
847 3468 879 3523 p.
902 3453 973 3508 126.
999 3438 1061 3522 Ἓξ
1081 3436 1139 3510 οὖν
1157 3437 1375 3530 {tacendarum

266 3529 273 3542 '
329 3516 465 3608 χρόνων,
481 3519 666 3600 ἐνεστῶτος,
678 3530 919 3613 παρατυτιιιοῦ,
930 3525 1187 3612 παρακειμένου,
1199 3530 1255 3594 καὶ
1268 3523 1374 3612 ὑπερ-

331 3603 533 3686 συντελιιιοῦ,
556 3599 724 3690 ἀορίστου,
746 3607 933 3688 μέλλοντος,
956 3609 1110 3677 ἐνεστῶτι
1131 3609 1188 3677 καὶ
1208 3617 1375 3697 παρακει-

328 3687 418 3778 μένῳ
445 3685 502 3755 καὶ
528 3686 682 3770 μέλλοντι
711 3683 750 3757 οδ
776 3690 994 3760 συντάσσεται
1020 3685 1058 3773 [ὁ
1087 3687 1269 3776 σύνδεσμος
1295 3685 1372 3774 lind,

328 3777 401 3851 τοῖς
427 3770 541 3855 μέντοι
567 3795 587 3838 τ
610 3769 657 3839 wi
685 3779 757 3853 τοῖς
777 3775 912 3854 λοιποῖς
932 3775 1027 3859 παρὰ
1048 3779 1136 3844 πᾶσι
1155 3783 1229 3862 τοῖς
1249 3783 1374 3862 σοφοῖς

328 3849 529 3943 εὑρίσκεται.
541 3866 570 3920 ct
613 3859 1144 3940 portuuiusncayatuotttb.111.cap.
1156 3869 1187 3924 u.
1196 3887 1227 3939 p.
1239 3869 1300 3925 204
1312 3885 1371 3940 sap,
1489 3857 1490 3930 }

328 3947 381 4014 qai
408 3952 508 4045 aperte
531 3945 598 4021 ipsa
625 3965 742 4020 quoque
770 3945 918 4020 loquiturz
958 3940 1055 4012 &aaa
1081 3943 1305 4033 προσέρχεται
1332 3943 1369 4027 [ὁ

327 4017 371 4086 cr
384 4021 595 4106 σονδτσμσς]
625 4029 698 4104 τοῖς
724 4025 917 4109 δυναμένας
943 4025 1001 4116 τὴν
1027 4022 1234 4113 tiquadra&
1253 4053 1399 4114 nunu-t

328 4102 510 4184 δέξασθαι·
544 4103 732 4195 ἔγραφον
757 4099 817 4186 div,
851 4105 1017 4200 ἔγραψα
1045 4105 1106 4188 ἄν,
1134 4105 1370 4203 ἐγεγράφει
