3016 4580
594 239 689 334 γάρ·
1073 213 1167 314 aas

121 419 185 479 cieo
204 427 287 478 octat
303 417 390 494 jocco
406 415 598 488 Uorstriodco)
620 415 692 476 ouol
705 415 841 475 Prodicus
857 434 910 476 oua
924 417 978 476 tlea
990 415 1028 476 do
1045 435 1073 476 u.
1088 438 1112 477 s.
1126 438 1166 480 so.

121 505 235 564 etiamsi
253 502 284 560 id
308 521 369 559 uou
390 499 558 560 deducimus
577 519 683 576 reapse
699 521 740 559 ex
758 500 994 562 antecedentibus
1009 504 1060 578 ita,
1082 505 1166 576 quasi

121 587 174 648 hoo
203 607 245 646 ex
267 586 359 645 altero
381 594 535 660 sequatur,
564 583 617 644 sed
640 587 738 660 potius
762 585 798 643 de
821 606 920 644 rerum
940 586 1040 660 aliquo
1064 585 1167 645 ordiue

122 675 289 748 cogitamus,
311 669 381 727 dum
401 673 443 727 ita
463 669 619 743 loquimur.
663 667 762 747 Quam
781 669 818 727 ob
841 691 902 728 rem
918 692 979 730 nou
991 671 1169 730 malavertit
1233 717 1237 730 .

121 755 241 815 It'icious
269 752 337 813 hoc:
374 747 483 811 Aderat
509 773 594 829 porro
624 753 761 811 Prodicus
791 754 861 812 Carta
890 763 956 826 eta,
990 773 1166 829 quamquam

6 883 7 886 η
123 839 299 900 Graecorum
330 839 422 896 oratio
451 837 551 912 paullo
579 836 665 894 aliter
685 837 864 895 conformata
887 847 946 914 est,
978 857 1018 896 ex
1039 859 1097 914 qua
1118 860 1168 914 ap·

121 915 214 1000 paret,
239 922 311 981 lraec
335 923 424 981 verba
445 923 485 978 ita
507 923 665 996 praemitti,
689 929 721 978 ut
736 920 816 979 aliud
828 921 964 997 deinceps
979 923 1051 981 tradi
1067 927 1166 998 possit.

121 1007 235 1066 Eodem
262 1005 350 1065 modo
374 1003 521 1064 Homerus
548 1024 637 1079 saepo
662 1007 814 1063 oouiuuxit
839 1009 995 1081 particulas
1023 1001 1087 1090 γάρ
1112 1003 1167 1092 ῥα,

122 1092 157 1152 de
181 1093 287 1168 quibus
308 1093 340 1148 iu
363 1089 505 1165 particula
527 1083 593 1170 ἄρα
618 1088 745 1148 diximus
771 1110 857 1165 supra
883 1113 914 1164 p.
939 1095 1008 1149 164.
1034 1093 1104 1149 165.

203 1173 239 1234 Si
264 1172 382 1249 quaudo
404 1171 624 1248 superacutum
640 1169 703 1254 γὰρ
718 1174 860 1232 adiectum
877 1181 922 1233 est
937 1170 986 1260 δή,
1009 1173 1085 1232 uilril
1101 1177 1166 1249 qui·
1183 1179 1241 1257 Γάρ
1259 1177 1301 1250 δή.

122 1258 186 1319 dem
209 1268 336 1317 mutatur
358 1259 391 1316 iu
412 1259 444 1316 vi
467 1258 573 1332 prioris
594 1257 771 1334 particulae,
794 1257 847 1318 sed
866 1257 922 1317 hoc
944 1265 1056 1316 tautum
1078 1260 1167 1318 modo

121 1343 244 1421 accedit,
266 1351 298 1402 ut
320 1341 370 1418 id,
392 1341 471 1416 quod
492 1340 661 1399 adfirmatur
683 1363 738 1416 per
762 1339 825 1424 γὰρ
848 1343 1036 1418 particulam,
1057 1345 1100 1401 ita
1121 1363 1167 1402 re-

122 1440 240 1488 vocetur
267 1427 304 1486 ad
325 1428 465 1501 temporis
490 1425 705 1500 condicionem,
729 1435 762 1483 ut
783 1426 981 1503 significetur,
1008 1427 1071 1487 'eur
1092 1448 1167 1506 eam,

122 1511 158 1570 dc
185 1533 242 1586 qua
268 1531 365 1572 senno
389 1517 448 1586 est,
474 1511 534 1568 iam
553 1511 705 1586 probatam
728 1511 795 1584 ipso
818 1512 894 1569 lacto
919 1449 1087 1587 essexae
1108 1532 1169 1570 am·

121 1593 436 1670 plius'experieudum
467 1614 548 1668 esso,
577 1597 653 1652 sitne
680 1613 783 1652 revera
812 1615 848 1652 au
876 1616 936 1652 uou
962 1598 1015 1670 sit,
1048 1605 1095 1654 aot
1117 1617 1169 1656 ex·

123 1678 322 1754 spectandum,
338 1697 430 1752 usque
445 1677 512 1736 dum
527 1677 587 1735 liat.
630 1671 682 1760 Δῆ
696 1681 785 1752 euim,
797 1677 873 1753 quod
886 1689 985 1738 uatum
997 1689 1039 1737 est
1053 1700 1092 1738 ex
1107 1674 1168 1764 ἤδη

121 1763 283 1838 particula,
305 1764 346 1819 ita
367 1770 480 1821 revocat
502 1781 561 1820 reru
584 1760 621 1820 ad
642 1765 872 1838 experientiam,
897 1773 930 1821 ut
954 1763 1082 1824 dicamus
1105 1783 1168 1822 retu
1273 1835 1278 1840 Ι

123 1846 253 1920 aliquam
276 1854 327 1904 aut
348 1865 410 1906 esse
433 1855 483 1904 aut
507 1847 599 1904 fuisse
621 1854 671 1903 aut
693 1847 768 1922 sore,
791 1847 869 1922 quod
890 1867 953 1906 earu
976 1869 1038 1906 rem
1059 1867 1091 1906 ro
1113 1868 1169 1906 ex·

121 1932 200 2007 perti
229 1933 286 1988 iam
308 1933 451 2006 cognitam
472 1929 627 1988 habeamus
649 1931 861 2006 explorataque
883 1934 1023 2008 sciamus,
1052 1931 1167 2006 quade

120 2033 155 2075 ro
177 2016 321 2089 copiosius
345 2013 456 2072 dicetur
480 2017 514 2072 iu
535 2015 685 2088 particulis
708 2010 747 2098 δὴ
773 2024 802 2074 et
824 2009 896 2100 ἤδη.
941 2015 1021 2096 Ergo
1045 2014 1100 2074 lroc
1123 2017 1167 2075 di·

121 2099 197 2158 citur
223 2099 380 2157 coniunctis
399 2099 471 2156 istis
500 2099 649 2173 particulis
675 2093 737 2181 γὰρ
767 2092 886 2188 ‘llum
913 2112 1093 2174 comparatae
1120 2120 1167 2157 res

2 2209 6 2220 ·
121 2185 192 2256 siut,
214 2203 277 2242 esse
299 2181 416 2257 quidem
438 2203 477 2240 ex
496 2183 592 2240 sacto
616 2184 699 2256 ipso
721 2189 771 2240 aut
795 2182 887 2240 dicam
910 2185 1082 2258 prolecto
1104 2203 1167 2241 rem

121 2266 250 2341 aliquam
276 2268 332 2341 ita,
362 2265 645 2341 quemadmodum
669 2264 812 2342 dicamus,
841 2267 918 2340 quod
940 2266 1050 2326 Latino
1071 2267 1167 2326 dicas:

120 2353 282 2420 domarim,
305 2369 374 2408 sose
390 2353 473 2420 cuim,
496 2359 560 2409 aut:
584 2369 651 2408 oum
664 2350 799 2426 profecto,
821 2351 945 2426 profecto
961 2357 1043 2422 euicta,
1067 2361 1168 2410 nostra

119 2435 238 2510 lingua:
261 2437 342 2492 Deos
362 2433 458 2504 scitos,
482 2433 555 2492 deno
575 2433 737 2509 oilardiupa
758 2435 831 2492 deno
850 2439 881 2492 io
902 2437 1058 2504 Wolrtretc,
1080 2437 1169 2494 solco

119 2517 256 2588 odorlici,
277 2519 435 2575 autetiam
457 2516 536 2590 quod
556 2518 708 2594 proposuit
725 2515 924 2594 Hartungius:
946 2519 1070 2578 otiorliolo
1091 2519 1167 2576 abso.

120 2597 173 2661 Sic
199 2603 231 2660 iu
252 2601 311 2660 illis
332 2599 477 2660 Herodoti
499 2601 585 2674 locis,
615 2619 688 2674 quos
712 2602 823 2674 primos
851 2603 949 2675 posuit
973 2599 1168 2675 Hartuugius,

119 2686 174 2745 lib.
188 2683 214 2745 l.
238 2705 301 2759 cap.
315 2688 368 2744 34.
390 2685 509 2743 dicitur:
537 2673 642 2745 Ἦσαν
664 2678 701 2745 δὲ
723 2684 770 2765 τῷ
791 2679 927 2766 Κροίσῳ
950 2678 1009 2746 δύο
1032 2683 1167 2758 παῖδες·

120 2769 189 2832 τῶν
216 2763 355 2872 οὕτερος
377 2765 438 2848 μὲν
465 2762 669 2851 διέφθαρτο·
697 2754 738 2849 ἦν
766 2763 829 2849 γὰρ
857 2761 896 2850 δὴ
925 2759 1053 2848 κωφός·
1082 2759 1100 2829 ὃ
1130 2761 1169 2832 δὲ

120 2847 238 2936 ἕτερος
260 2871 342 2926 aaa,
370 2873 427 2927 quo
457 2854 489 2910 iu
518 2853 581 2910 loco
609 2871 664 2926 per
691 2852 848 2926 particulas
874 2844 938 2934 γὰρ
961 2848 1001 2935 δὴ
1027 2854 1067 2909 ita
1092 2854 1167 2910 ratio

119 2935 255 2996 redditur
277 2937 339 2994 eius
360 2939 422 3012 rei,
450 2957 526 3010 quaa
549 2935 636 2994 modo
657 2938 752 3010 posita
776 2942 855 3010 erat,
881 2947 911 2992 ut
932 2937 1059 3013 dicatur,
1082 2957 1168 3011 prue-

121 3023 247 3080 oessisse
265 3038 337 3079 saue
358 3019 473 3095 quidem
494 3022 522 3078 ei
533 3021 586 3092 rei,
607 3020 685 3092 quod
700 3041 772 3092 puer
786 3031 882 3079 mutas
896 3020 997 3096 luerit,
1016 3029 1048 3079 ut
1062 3023 1168 3079 mirum

120 3125 184 3164 uon
211 3111 287 3163 esset
316 3123 382 3162 eum
409 3105 523 3180 perire,
552 3105 636 3177 qnasi
658 3100 769 3161 Latine
795 3104 889 3162 dicus:
919 3109 992 3162 Erat
1015 3110 1088 3162 enim
1109 3111 1168 3162 ium

119 3197 226 3258 mutus,
250 3193 301 3256 aut
323 3195 421 3246 nostra
441 3189 558 3264 lingua:
584 3191 627 3246 Ec
647 3204 712 3246 rouo
730 3187 854 3244 oirrtiiolr
876 3188 961 3245 salros
984 3188 1166 3258 (olcncdiess)

119 3279 242 3341 numm,
272 3291 329 3345 quo
358 3273 434 3331 facto
461 3275 521 3331 iam
547 3273 630 3347 quasi
658 3269 764 3348 gradus
791 3269 828 3328 ad
851 3267 971 3328 alteram
992 3291 1054 3328 rem
1075 3272 1168 3332 lactus

123 3373 191 3413 esce
218 3353 373 3415 videretur.
415 3355 449 3415 ld
478 3366 575 3416 tamen
603 3375 658 3414 uec
678 3354 782 3413 Latini
809 3375 862 3412 uec
887 3363 1028 3414 nostrates
1053 3375 1169 3430 semper

123 3437 162 3498 ud
188 3441 325 3514 temporis
349 3440 547 3500 condicionem
573 3442 717 3514 raserunt,
743 3439 796 3500 sed
825 3460 887 3498 rem
914 3443 1007 3516 ipsam
1035 3449 1168 3500 tenentes

122 3523 223 3597 potius
247 3543 302 3598 per
328 3523 457 3599 aliquam
485 3519 926 3600 adfirmatiouem'sigoilicant,
958 3528 1028 3600 quia
1051 3547 1084 3583 ea
1110 3545 1168 3598 res,

122 3625 213 3680 quam
231 3609 290 3666 iam
311 3608 416 3666 t'actam
438 3629 503 3670 essa
526 3613 651 3683 scimus,
674 3611 841 3668 certissuma
862 3617 925 3683 est,
947 3621 978 3665 ut
1001 3613 1089 3666 etiam
1114 3606 1171 3665 lroc

123 3689 194 3750 loco‘
214 3693 392 3758 commodius
421 3693 498 3753 dicas
524 3692 652 3752 Latius:
687 3697 760 3750 Erat
789 3697 861 3750 euim
887 3711 957 3749 sune
983 3701 1091 3760 stactus,
1121 3696 1170 3746 aut

123 3781 222 3833 nostra
251 3775 370 3852 lingua:
406 3780 449 3834 Er
473 3796 537 3834 soor
563 3775 688 3836 odorlici
714 3775 868 3849 oilardiups
893 3783 1005 3832 stoacio.
1057 3771 1171 3830 Eodem

123 3858 210 3918 modo
230 3879 365 3936 ressese
386 3857 525 3920 hebetia
547 3861 638 3916 altero
651 3855 794 3916 Herodoti
814 3858 878 3914 loco
900 3858 950 3914 lib.
967 3853 989 3911 l.
1010 3875 1071 3930 cap.
1090 3860 1171 3930 114,
1252 3901 1258 3916 .

123 3943 174 4001 ubi
195 3940 269 4003 liaeo
291 3943 442 4022 leguntur:
478 3929 541 4016 Εἷς
563 3938 603 4026 δὴ
626 3931 751 4004 τούτων
772 3939 837 4000 τῶν
858 3932 1003 4000 παιδίων
1024 3936 1172 4019 συμπαί-

126 4021 197 4103 ζων,
224 4021 288 4092 ἐὼν
310 4021 557 4132 Ἀρτεμβάρεος
584 4023 683 4100 παῖς,
714 4013 839 4109 ἀνδρὸς
865 4017 1005 4096 δοκίμου
1032 4019 1066 4088 ἐν
1092 4015 1172 4107 Mq‘-

124 4108 231 4177 δοισι·
253 4101 295 4177 οὗ
316 4106 380 4200 γὰρ
402 4111 443 4179 do
466 4105 606 4196 ἐποίησε
626 4103 665 4176 τὸ
681 4102 895 4196 προσταχθὲν
915 4099 1171 4253 ξκῂτοῦΙίύρὸυ·
