3016 4580
570 247 632 327 aad
1084 255 1145 332 211

98 433 205 514 unibus
226 433 326 496 tarbis
347 430 496 509 significat
520 429 695 508 Diomedes,
726 441 880 509 postquam
902 433 1006 511 effugit
1026 435 1146 513 Hector,

98 544 132 584 se
156 521 289 596 reliquos
309 517 369 576 iam
389 538 477 592 porro
496 517 700 593 adgressurum
722 539 802 593 esse,
830 521 928 595 itaque
949 522 1035 580 dicit:
1064 526 1147 582 Ναασ

43 673 46 678 ,
97 625 200 667 rursm
222 604 345 681 reliquos
365 611 476 679 ρνισαι,
507 603 557 660 nbi
586 624 639 676 pro
670 589 712 668 αὖ
737 603 826 662 etiam
852 606 978 680 simplex
1006 607 1148 681 particula

100 687 137 754 δὲ
163 689 260 748 locum
283 685 393 744 habers
412 687 524 762 potuit,
552 687 603 746 sed
626 687 708 746 aliud
729 695 824 747 tamen
846 709 924 748 nunc
944 691 1058 750 elicitur.
1100 690 1147 750 Ita

100 775 219 834 Atticos
247 789 366 846 qnoque
392 773 546 846 scriptores
577 769 632 831 hac
654 773 795 847 particula
819 793 887 834 usos
908 795 973 835 esse
995 774 1147 836 adnotavit

100 861 159 918 inm
180 855 379 916 flammeus.

185 939 299 1000 Eadem
327 957 429 998 caussa
457 947 503 997 est
524 937 611 998 liuius
634 941 808 1016 particulae,
836 942 1001 1016 siquando
1025 963 1080 1018 prs
1105 937 1146 1028 δὴ

102 1025 246 1102 particule
267 1025 361 1099 po'sita
382 1042 446 1081 esse
469 1022 598 1096 dicatur,
622 1026 736 1099 quade
758 1043 791 1084 re
816 1027 876 1100 egit
900 1025 936 1085 G.
957 1025 1147 1086 Hermanuns

103 1111 139 1170 ad
161 1107 310 1188 Vigernm
333 1127 363 1182 p.
384 1112 458 1165 782.
481 1108 526 1166 ed.
550 1117 615 1192 tert.
658 1107 694 1166 ln
721 1111 759 1169 iis
786 1113 863 1169 enim
887 1111 958 1171 locis
983 1115 1024 1170 ita
1045 1113 1148 1188 adgre-

103 1196 200 1254 dimur
228 1213 337 1252 novem
362 1211 443 1267 rem,
469 1203 501 1251 ut
525 1191 567 1250 ad
592 1192 638 1269 id,
667 1193 745 1269 qnod
767 1203 835 1254 ante
854 1195 929 1271 suit,
959 1198 1148 1272 respicientes

103 1280 233 1339 dicamus
256 1269 308 1350 αὖ,
330 1297 429 1351 quom,
451 1279 478 1336 si
498 1275 536 1343 ad
553 1279 647 1353 ipsam
663 1299 736 1354 rem,
758 1299 844 1353 quam
859 1285 1020 1356 suscepturi
1034 1299 1148 1354 sumus,

104 1375 284 1439 spectemus,
310 1361 368 1419 dici
394 1361 485 1420 stiam
511 1364 606 1438 possit
629 1358 670 1446 dr}
695 1363 745 1423 vel
766 1363 873 1424 Latine
894 1371 968 1437 inus,
1001 1367 1092 1426 ueluti
1115 1369 1147 1424 iu

102 1449 156 1508 illo
183 1447 265 1526 loco,
295 1465 382 1520 quem
408 1447 507 1521 posuit
535 1443 573 1506 G.
601 1441 790 1510 Hermotimus
819 1469 859 1508 ex
885 1449 998 1510 ltiodos
1026 1449 1077 1510 lib.
1108 1447 1147 1510 ll.

104 1554 133 1595 γ’
165 1536 238 1592 49³⁸
296 1607 410 1684 Ἀρχούς
426 1598 461 1664 αὖ
481 1610 556 1678 νηῶν
568 1609 650 1683 -ἔρίω,
669 1605 735 1677 vids
751 1629 780 1665 re
797 1608 951 1684 προπάσας·

105 1717 269 1794 eodemque
288 1715 374 1776 modo
395 1737 442 1776 res
460 1737 494 1776 se
514 1713 602 1775 babet
621 1719 653 1774 in
683 1715 784 1776 eodem
803 1717 880 1776 lilrro
901 1739 927 1777 v.
951 1719 1012 1778 615
1034 1741 1100 1795 sqq.

241 1816 279 1867 Οἳ
294 1813 317 1868 δ’
337 1807 393 1886 ripa
410 1807 591 1886 Βουπράσιόν
607 1831 636 1868 τε
653 1808 812 1868 καὶἬλιδα
830 1815 892 1869 dtur
911 1815 1013 1884 ἔναιον,

238 1879 322 1938 ὅσσον
338 1881 387 1972 ttp’
405 1879 522 1956 Ὑρμίνη
540 1884 587 1936 καὶ
603 1878 749 1956 Μύρσινος
767 1883 934 1954 ἐσχατόωσα,

236 1955 355 2035 πίτρηῗτ
382 1949 491 2021 Ὠλενίη
511 1955 558 2004 καὶ
570 1949 704 2006 Ἀλείσιον
723 1951 798 2015 ἐντὸς
816 1953 921 2028 ἐέργει·

238 2024 293 2076 τῶν
306 2041 343 2074 uu
361 2024 490 2095 τέσσαρες
507 2019 588 2094 ἀρχοὶ
606 2021 674 2076 ἔσαν
691 2021 756 2090 reri,

107 2109 186 2190 quod
204 2112 302 2186 ipsum
319 2130 437 2186 qnoque
456 2119 501 2170 est
520 2112 653 2186 proprie:
681 2112 782 2170 iorum
803 2130 903 2169 mrrmrs
923 2110 1150 2188 pmttrrorduccs
1236 2069 1264 2150 ’ν

107 2203 197 2256 meat.
239 2191 306 2255 Hoc
327 2215 445 2270 quoqne
461 2196 569 2253 imitati
589 2202 655 2252 sunt
674 2195 828 2269 scriptores
850 2191 954 2252 Attici.

189 2277 302 2354 Restat,
325 2287 358 2337 ut
379 2278 471 2338 dicam
491 2278 528 2337 de
545 2279 685 2353 tisicus,
704 2281 736 2337 in
756 2279 861 2353 quibus
877 2267 920 2341 αὖ
936 2297 989 2354 per
1004 2275 1151 2352 quendam
1167 2275 1257 2345 Αὖθις
1277 2273 1311 2340 αὖ
1334 2293 1336 2296 ’

107 2364 312 2442 pleonasmnm
331 2365 458 2438 positum
479 2383 543 2425 esse
563 2363 706 2436 rideatur,
727 2364 819 2422 veluti
838 2364 863 2422 si
886 2354 987 2436 αὖθις
1007 2353 1050 2426 αὖ
1070 2373 1099 2421 et
1120 2361 1151 2420 id
1207 2368 1268 2441 ἐξ,

108 2469 202 2526 genus
222 2449 281 2508 slis
304 2446 447 2523 dicuntur,
470 2468 559 2522 quam
581 2468 644 2507 rem
664 2447 768 2524 adtigit
788 2445 937 2506 Devarius
958 2469 988 2522 p.
1009 2449 1061 2506 lis.
1103 2445 1153 2506 Ac
1193 2429 1294 2479 ⁹³³¹*

108 2538 235 2608 primum
256 2531 377 2608 quidem
397 2530 502 2590 dicitur
523 2551 611 2607 saepo
634 2553 755 2591 numero
779 2533 815 2590 ab
829 2528 937 2590 Atticis
961 2533 1152 2604 scriptoribus

109 2605 212 2692 αὖθις
239 2609 290 2680 αὖ.
334 2615 457 2676 Praeter
485 2636 536 2675 eos
562 2615 660 2688 locos,
688 2636 761 2688 quos
789 2615 892 2674 adtulit
913 2616 973 2672 iam
996 2614 1153 2690 Devarius,

109 2701 186 2762 cent.
209 2697 419 2776 Aristophanis
439 2701 617 2762 Aclrumeus.
638 2719 668 2758 r.
688 2701 759 2760 854.
782 2697 828 2757 ed.
852 2697 944 2756 Dind.

229 2812 296 2869 oid
314 2802 396 2876 αὖθις
411 2833 447 2869 au
465 2827 498 2869 ue
515 2808 656 2884 σκώψεται
672 2806 796 2866 Παύσων
813 2809 828 2866 ὀ
847 2805 1039 2884 παμπόνηρος.

110 2929 140 2983 et
163 2919 318 2998 Euripidis
341 2923 487 2982 Plsocuisc.
508 2941 537 2984 v.
562 2925 634 2982 487.
658 2915 819 2980 ed.-llind.

282 3035 339 3088 Kal
357 3033 420 3105 τῷδ’
437 3032 553 3106 ἀφεῖναι
570 3032 619 3088 τὸν
636 3038 699 3091 lucr
716 3023 798 3094 αὖθις
815 3022 850 3088 αὖ
862 3029 976 3108 χρόνον.

110 3139 226 3220 Qnibns
251 3141 284 3200 in
308 3141 380 3202 locis
403 3143 459 3202 etsi
481 3141 583 3202 ambae
607 3139 767 3214 particulae
790 3141 826 3198 ab
850 3138 951 3198 eadem
972 3136 1069 3196 radice
1089 3155 1156 3211 pro·
1182 3141 1184 3146 '

109 3226 205 3285 sectae
233 3233 301 3285 sunt
331 3227 516 3302 similemque
542 3223 652 3284 habent
674 3225 735 3284 rim
757 3243 790 3281 sc
810 3231 999 3296 potestatem,
1031 3241 1091 3276 nou
1114 3229 1155 3276 ta-

110 3329 198 3383 men,
228 3317 261 3368 nt
289 3318 368 3370 recte
397 3311 458 3370 iem
484 3311 651 3370 observarit
678 3305 716 3366 B.
738 3305 897 3367 Weiskius
922 3307 954 3362 iu
981 3303 1158 3362 Ptoouusmis

115 3393 235 3450 Graecis
256 3415 287 3468 p.
312 3397 396 3466 142„
424 3398 467 3454 ita
487 3415 505 3454 a
529 3393 650 3454 Graecis
673 3391 837 3451 cumulatae
862 3409 927 3448 esse
950 3387 1102 3462 videntur,
1128 3394 1158 3444 ut

111 3475 203 3552 plane
231 3497 317 3537 unum
347 3477 483 3554 idemque
516 3479 725 3556 significarent.
774 3473 851 3535 Nam
882 3495 971 3550 quom
999 3461 1099 3546 αὖθις
1126 3473 1158 3529 in

112 3560 168 3618 ltac
197 3559 324 3620 sonuula
347 3567 492 3639 respicere
516 3583 571 3622 nos
595 3563 693 3622 iubeat
717 3561 753 3620 od
776 3561 807 3620 id
829 3561 940 3636 ipsum,
970 3557 1047 3634 quod
1074 3565 1160 3614 antea
1260 3557 1267 3563 '

59 3677 60 3680 ¹
112 3645 222 3704 lactum
244 3655 300 3720 est,
324 3633 366 3710 ud
386 3661 484 3707 contra
508 3647 623 3706 videtur
644 3645 681 3704 ad
702 3647 873 3705 uniuersam
892 3645 935 3703 rei
957 3643 1160 3717 repetitionem

112 3734 261 3808 spectare,
284 3749 359 3806 qnae
381 3735 436 3791 etsi
458 3729 494 3790 sd
516 3731 563 3806 id,
586 3729 665 3805 quod
686 3733 856 3800 antecessit,
886 3729 949 3801 ipsu
971 3743 1088 3799 quoque
1109 3741 1161 3777 ue·

112 3815 253 3874 cessario,
269 3817 407 3892 respicit,
438 3833 499 3872 nou
525 3823 622 3872 tamen
645 3813 820 3888 singularem
842 3815 907 3870 rem'
927 3809 1055 3882 aliquam
1078 3804 1162 3862 nobis

113 3909 180 3958 aute
203 3897 303 3960 oculos
323 3901 420 3976 ponit,
436 3895 528 3960 veluti
545 3899 572 3959 si
593 3893 857 3980 in,Aristopl1anis
876 3891 1005 3951 Nubibus
1026 3909 1054 3949 v.
1072 3893 1163 3946 1383.

112 3979 161 4043 ed.
180 3979 287 4044 Herm.
310 3983 429 4046 dicitur:
1095 4003 1098 4009 ·

449 4071 620 4162 ξοφαξτατᾶν
637 4073 668 4148 y’
690 4076 813 4142 ἰκεῖνονς
832 4065 863 4142 si,
883 4075 911 4125 rt
925 4066 954 4122 u'
974 4073 1059 4138 εἴπω,-

218 4145 277 4204 dtl’
298 4139 381 4213 reddre
400 4139 435 4207 αὖ
454 4165 645 4220 πυπτησομαιι,
891 4215 956 4273 w
