2994 4592
602 235 691 338 ’ἢ
1118 279 1236 358 Μ,

134 439 251 502 ridetur
271 461 290 500 a
311 443 341 502 ri
366 461 399 502 oo
421 439 606 504 vehementia
624 445 709 504 istius
722 445 863 504 orationis
875 465 995 520 prorsus
1008 445 1176 509 abhorrere.

132 523 212 586 liam
234 527 296 601 ille,
318 528 369 602 qni
389 527 431 586 sic
450 529 588 603 minatur,
609 525 762 607 stGyras,
783 549 842 588 nou
862 529 926 590 iere
944 531 1055 590 incerta
1075 541 1104 592 et
1126 533 1177 592 de·

131 609 186 672 hili
210 613 342 670 oratioue
367 612 475 685 utitur,
504 611 555 672 sed
578 612 833 684 certamimis,
860 623 906 688 ut,
933 615 958 672 si
980 615 1069 674 uellet
1090 615 1176 678 aliter

132 691 233 796 (iprae
270 693 343 754 haec
381 697 592 772 pronuntiare,
629 699 656 756 ei
693 695 847 756 &cendum
876 701 1039 758 amassario
1070 697 1174 762 suerit:

131 770 254 842 iomar
275 774 331 842 καὶ
351 771 504 850 ἴστωσαν,
524 781 590 840 ret:
612 772 722 845 ἴστων.
765 778 826 842 Sed
845 799 884 840 ne
902 781 1044 842 librorum
1057 782 1176 858 quiden

129 865 331 924 testimouium
363 869 460 922 tuetur
492 861 568 922 lsuuc
602 867 786 940 scripturam.
837 862 914 924 Nam
947 865 1015 926 libri
1047 865 1174 928 Parisini

133 951 228 1008 1640.
254 950 363 1022 ratu,
385 943 654 1023 Guelferbytanus,
680 944 819 1008 Varistae
840 968 880 1008 ex
900 953 1032 1027 margine
1053 951 1174 1012 alicuius
1224 1001 1230 1008 .

131 1030 312 1106 exemplaris
336 1051 355 1088 a
368 1027 465 1089 Guilio
486 1030 583 1090 adlata
605 1034 743 1108 scripturn
764 1031 922 1093 exhibent:
954 1023 1058 1096 Ἅλλᾶ
1079 1025 1175 1098 iduo-

131 1136 194 1179 σαν
221 1107 364 1190 εἰδότες,
391 1107 445 1186 ὅτι
467 1110 603 1190 κακίους
623 1107 689 1180 eloi
710 1109 793 1190 xci,
824 1116 902 1192 quod
927 1123 1103 1194 quamquam
1132 1131 1175 1178 est

131 1200 289 1260 manifesto
304 1208 489 1274 corruptum„
500 1197 578 1274 quod
590 1211 666 1260 certe
682 1192 804 1264 ἴτωσαν
819 1200 970 1262 dicendum
984 1210 1056 1277 erat,
1076 1209 1174 1262 tamen

132 1286 203 1343 satis
224 1282 363 1357 ostendit,
383 1301 472 1356 qoem
492 1283 529 1342 ad
550 1284 667 1344 modum
687 1282 763 1344 istud
785 1273 837 1362 iic,
859 1285 938 1360 quod
958 1283 1031 1346 adeo
1052 1289 1173 1346 vexarit

134 1369 318 1443 interpretes,
339 1374 438 1426 natum
461 1368 509 1427 sit.
552 1365 587 1428 ld
604 1370 684 1428 enim
705 1375 826 1444 apparet
845 1371 886 1428 sic
899 1371 1013 1430 venisse
1025 1373 1056 1429 iu
1068 1369 1172 1430 Xeno-

133 1449 251 1526 phontis
272 1453 446 1526 orationem,
464 1449 544 1525 qood
565 1471 654 1528 quom
674 1454 837 1527 antiquitus¹
853 1455 991 1528 scriptum
1009 1455 1171 1532 legeretur:

133 1525 219 1598 ἀλλὰ
240 1527 366 1610 ἰόντων,
386 1533 494 1610 aliquis
515 1539 640 1596 correxit
654 1538 871 1611 grammaticus:
895 1529 1026 1610 iocabar,
1046 1537 1173 1600 sortasse

552 1639 615 1684 aas

132 1657 166 1720 in
194 1658 272 1720 hunc
291 1659 424 1722 modums
453 1691 570 1766 ἰόντων
619 1703 628 1734 ,
654 1659 733 1736 quod
753 1679 841 1736 quom
862 1627 997 1722 lihre'rius
1018 1681 1079 1721 uos
1102 1665 1173 1724 satis

136 1800 339 1873 intellexisset,
363 1803 412 1863 rei
435 1783 632 1878 recipit'ilie:
658 1791 775 1866 iduor
794 1789 845 1874 iia,
865 1803 914 1864 rel
931 1805 1045 1878 scripsit
1064 1807 1170 1868 eiiam:
1211 1839 1214 1844 ·

134 1878 282 1951 ι’ἕτωσαν.
321 1885 358 1947 ld
379 1886 452 1946 adeo
471 1887 587 1947 ridetur
604 1886 793 1948 manifestum
807 1907 883 1964 esse,
905 1897 937 1946 ut
951 1909 1013 1948 non
1025 1890 1171 1964 possimus

94 2037 99 2046 ,
133 1991 191 2032 uon
213 1969 352 2030 adsentiri
373 1969 408 2030 G.
424 1967 462 2030 G.
476 1968 645 2046 Kmegero,
666 1973 717 2046 qui
738 1992 850 2032 sunrmo
873 1975 939 2033 iure
962 1971 1116 2034 delendam
1131 1965 1171 2036 dv

131 2055 301 2131 particulam
328 2058 526 2115 existumavit.
568 2052 647 2116 Nam
676 2057 728 2130 qai
753 2064 865 2116 ceteros
892 2057 984 2116 libros
1010 2057 1172 2133 appeliant,

131 2139 274 2200 tenebunt
300 2137 356 2198 hoc
377 2139 576 2214 considerare,
602 2142 730 2215 primum
751 2157 801 2200 eos
825 2141 904 2214 ipsos
925 2159 1043 2214 quoque
1064 2141 1170 2215 explo-

131 2234 192 2284 rate
214 2243 355 2284 excussos
376 2243 436 2284 uon
453 2243 529 2298 esse,
549 2233 580 2282 ut
594 2226 649 2283 rix
664 2222 840 2283 credendum
851 2227 900 2300 sit,
921 2225 953 2284 in
967 2226 1071 2284 ceteris
1085 2225 1170 2284 libris

131 2310 264 2368 omuibus
288 2307 391 2368 lraberi
417 2299 534 2370 ἰόντων
556 2295 611 2368 dus
640 2306 746 2368 duodo
770 2309 796 2367 si
818 2305 874 2367 hoo
894 2309 993 2382 ipsum
1013 2327 1180 2388 proruamus„

124 2394 191 2452 'esse
211 2393 243 2451 ia
262 2393 386 2466 reliquis
401 2393 536 2452 omnibns
548 2391 633 2450 libris
647 2393 801 2466 scriptum:
821 2383 938 2454 ἰόντων
954 2379 1004 2466 iv,
1023 2391 1171 2454 facillume

130 2477 292 2536 coniectura
312 2495 366 2535 nos
388 2475 511 2548 adsequi
531 2473 634 2551 posse,
656 2495 743 2551 quem
763 2474 800 2536 ad
820 2475 937 2534 modom
958 2475 1044 2536 idio
1064 2473 1170 2536 Xeno-

128 2559 249 2637 phontis
274 2561 436 2620 orationem
456 2560 634 2634 irrepserit,
652 2568 684 2616 ut
707 2557 783 2619 nihil
805 2579 922 2620 caussae
943 2580 1006 2620 esse
1026 2559 1171 2634 viduetur,

129 2666 218 2721 quam
245 2647 283 2702 ob
313 2663 375 2702 rem
403 2645 489 2702 istam
518 2642 690 2718 particulam
716 2643 782 2702 loco
809 2645 1070 2717 importunissimo
1093 2646 1169 2704 tueri

126 2729 263 2789 velimus.
306 2725 353 2786 Gi.
382 2729 471 2788 etiam
496 2721 530 2784 G.
551 2721 702 2799 Reisigius
730 2727 763 2783 iu
793 2726 944 2784 Goututeut.
965 2725 1003 2784 dc'
1019 2729 1048 2784 ui
1068 2733 1095 2784 et
1114 2745 1169 2784 asts

127 2803 167 2875 du
187 2812 347 2890 porticulus
365 2832 397 2886 p.
413 2815 483 2869 116.
525 2805 654 2883 Deinde,
675 2821 705 2866 ut
726 2810 758 2867 in
782 2807 886 2866 eodem
905 2805 1169 2884 generamaaeam,

126 2917 213 2974 quem
235 2903 389 2972 opponunt
398 2892 531 2954 Platonis
543 2892 638 2954 locum
649 2913 689 2952 ex
698 2891 845 2952 Alcibiade
859 2887 884 2950 l.
897 2889 975 2951 l’art.
986 2889 1027 2952 ll.
1039 2892 1098 2954 rol.
1111 2891 1167 2952 lll.

125 2961 1168 3058 mmmmfflfflpmumffmmffldm

125 3087 158 3128 ss
185 3060 242 3128 καὶ
268 3055 403 3146 πλούτῳ
430 3057 606 3144 προσέχεις
627 3046 683 3124 soi
705 3053 789 3122 sard
809 3059 907 3122 sciro
929 3051 994 3128 oisc
1015 3081 1047 3126 ct
1071 3047 1166 3128 eluat.

124 3143 210 3230 μηδὲ
236 3147 335 3210 τοῦτο
365 3137 404 3208 dir
427 3136 506 3228 ἡμῖν
527 3134 671 3229 dippeus
693 3133 793 3214 ἔστω,
822 3135 881 3204 ἐάν
902 3163 976 3216 πως
997 3135 1103 3226 αἴσθῃ
1125 3130 1165 3207 οὗ

126 3220 177 3303 el,
195 3233 229 3290 in
249 3251 284 3289 ec
305 3229 368 3289 loco
388 3229 442 3288 illa
462 3231 605 3303 scriptura
625 3246 685 3286 non
706 3235 750 3286 eet
768 3225 895 3301 prolecta
913 3227 1023 3284 nisiex
1037 3223 1165 3286 editione

125 3311 331 3390 Laemarisns,
352 3317 386 3374 in
406 3333 495 3389 quam
518 3332 554 3372 ea
576 3332 630 3387 per
653 3330 782 3370 errorem
805 3309 933 3382 irrepsit.
975 3305 1062 3368 Libri
1085 3312 1166 3370 enim

127 3403 158 3456 et
183 3397 322 3458 editiones
347 3398 479 3473 reliquae
505 3417 606 3456 omnes
628 3393 750 3454 habents
780 3388 865 3474 μηδὲ
885 3391 984 3456 τοῦτο
1006 3385 1084 3480 ἡμῖν
1103 3389 1165 3474 μὲν

124 3469 269 3568 digium
288 3475 394 3558 dotus,
419 3479 498 3556 quod
519 3501 608 3556 quom
629 3489 658 3539 et
678 3476 763 3538 lcum.
783 3475 941 3538 Balissus
963 3499 1008 3554 ca,
1031 3497 1088 3553 qua
1109 3499 1164 3551 par

121 3574 176 3636 est,
203 3563 263 3625 fide
284 3565 440 3628 indicasset
460 3566 493 3623 in
515 3565 721 3624 contumuleris
742 3569 811 3622 tom.
832 3559 858 3621 l.
880 3584 911 3638 p.
932 3565 1005 3620 449.
1032 3569 1060 3620 et
1082 3559 1162 3620 Phil.

119 3646 320 3710 Buttmanuus
348 3649 493 3725 copiosius
525 3648 669 3708 docuisset
697 3649 730 3706 iu
757 3645 941 3722 praefatione
970 3642 1008 3702 ed
1032 3643 1162 3702 Platonis
1270 3719 1276 3725 ι

120 3733 248 3816 dirslopos
266 3729 334 3810 lV.,
354 3753 429 3808 quos
450 3735 618 3792 coniunctos
640 3728 741 3806 edidit,
760 3752 791 3805 p.
803 3727 861 3790 lv.
883 3728 929 3788 ed.
953 3733 1084 3800 quartae,
1105 3724 1160 3780 rni-

117 3817 241 3877 rendam
270 3827 315 3878 est
343 3820 376 3876 in
403 3819 544 3877 maiorem
572 3815 708 3887 modum,
740 3833 915 3888 quemquam
943 3808 999 3867 lroc
1023 3807 1087 3864 loco
1115 3807 1160 3864 uti

77 3933 79 3936 ·
118 3901 263 3976 voluisse,
295 3909 329 3959 ut
359 3900 568 3961 demonstraret
598 3896 769 3972 particulam
792 3887 839 3955 iiu-
854 3897 890 3951 ab
911 3889 1018 3950 Atticis
1039 3889 1160 3963 scripto·

117 3988 199 4046 ribus
226 4006 292 4045 cnm
313 3987 489 4060 imperativo
512 3983 707 4041 consociatam
729 3997 802 4035 essa.
844 3975 921 4053 Quis
942 3974 1019 4032 euim
1038 3970 1160 4032 editoris

116 4073 287 4130 recentioris
308 4089 406 4129 errore
427 4067 559 4128 uteretur
579 4062 616 4123 ad
634 4056 875 4135 consprobaudam
887 4066 1014 4118 veterem
1029 4051 1159 4118 Graecae

114 4153 236 4235 linguee
262 4151 527 4238 cousuetudinem?
567 4147 754 4234 Quamquam
784 4144 861 4206 serio
889 4141 944 4205 hoo
972 4141 1042 4204 iecit
1064 4159 1159 4216 super
