2974 4588
575 249 701 324 ἄλλό.
1115 257 1159 328 61

46 373 50 380 *
165 405 171 412 .
195 423 302 493 Restat
325 433 358 491 nt
386 424 481 488 dicum
506 424 543 486 de
563 427 715 502 particulis
730 416 808 489 ἀλλ’
828 413 869 527 ἦζ
900 447 977 502 quae
998 427 1159 504 particulae
1171 428 1239 486 ’Au
1258 423 1283 502 ἦ.

115 535 204 592 quom
233 532 322 588 saepe
348 531 471 570 nurnero
493 533 558 570 cnm
578 511 730 587 particulis
752 502 825 574 ἀλλ’
846 501 866 595 ἢ
890 513 1283 590 confusaeessent,p,10,.

115 602 150 662 de
179 597 227 658 his
257 604 324 672 poet
350 594 552 670 Hartunginnr
579 597 639 656 vel.
664 592 704 656 ll.
732 617 763 670 p.
786 601 825 654 38
846 617 892 672 sq.
922 595 1035 658 erudite
1062 619 1158 674 nuper
1314 589 1319 596 ’

114 684 276 758 disputarit
298 679 472 758 Krnegerus
498 680 520 738 l.
547 701 571 740 c.
600 684 626 752 §.
651 687 700 740 31.
728 701 760 756 p.
783 683 824 738 46
846 701 911 756 sqq.
954 679 1003 740 Ac
1031 684 1159 756 primurn
1217 701 1223 718 ¹

115 767 234 842 quidem
265 769 433 826 rectissume
464 765 562 825 statuit
590 761 764 844 Krncgerus
794 785 853 825 uon
883 785 970 840 posse
999 767 1158 840 particulae

116 846 186 914 ἀλλ’
209 841 232 934 ἢ
260 851 347 909 initio
372 850 531 926 orationis,
559 855 591 908 nt
612 858 750 926 putarant
771 849 923 925 nonnulli,
950 852 993 910 itu
1012 853 1100 928 poni,
1126 859 1159 910 nt

115 933 191 994 nihil
216 933 423 1014 praecederet,
452 934 488 992 ad
515 932 592 1010 qnod
621 936 683 994 sira
713 933 893 992 adversativa
920 935 983 997 sive
1004 938 1159 1012 exceptive

116 1040 215 1080 earnm
232 1021 279 1077 rie
300 1021 476 1093 pertineretr
501 1037 559 1092 qua
579 1020 612 1076 in
631 1021 777 1080 sententia
795 1017 864 1078 olinr
883 1014 1099 1078 Valckenarius
1120 1017 1159 1081 ad

113 1102 268 1178 Euripidis
289 1103 436 1180 rrtppoutt
456 1122 484 1160 r.
501 1106 573 1162 932.
593 1125 624 1178 p.
639 1107 712 1163 282.
733 1101 780 1162 ed.
802 1100 890 1180 Lipe.
907 1103 1005 1162 luerat
1027 1103 1158 1206 aliosqnp

113 1185 256 1248 habuerat
269 1188 496 1246 consentientes.
540 1184 602 1264 Qui
622 1185 677 1248 lroc
697 1194 861 1246 statuerunt
880 1196 959 1247 recte
970 1187 1031 1252 ,diei
1049 1177 1156 1269 dtt'q

113 1274 147 1330 in
177 1272 426 1348 interrogatione,
459 1273 493 1329 in
523 1270 724 1331 adfirmatione
755 1279 853 1331 autem
880 1271 1066 1330 renhardum
1093 1289 1158 1333 ene

116 1350 186 1420 ἀλλ’
209 1347 244 1438 ἤ,
271 1355 364 1414 veluti
391 1357 424 1414 iu
447 1353 600 1430 Euripidis
620 1355 761 1416 Alcestide
780 1375 810 1414 r.
826 1359 905 1414 ¹816.
936 1344 1027 1416 'All'
1050 1343 1072 1438 ἢ
1094 1348 1158 1418 rre'-

114 1441 229 1502 πονθα
252 1431 367 1513 δεινά,
394 1439 472 1514 rpuod
494 1447 573 1500 esset
591 1441 726 1516 profecto.
770 1437 858 1520 Quod
879 1446 925 1500 eet
944 1439 1156 1522 laleiesumuru.

111 1519 192 1586 Nam
215 1523 303 1600 qu'em
325 1523 361 1581 ad
382 1521 501 1582 modurn
520 1522 552 1582 lri
572 1522 629 1582 loci
649 1543 750 1583 omnes
770 1525 917 1584 facillume
937 1525 1068 1582 revocari
1088 1543 1156 1598 pos·
1257 1533 1261 1545 '

112 1615 184 1670 sunt
209 1607 247 1664 ad
269 1605 425 1681 particulas
449 1596 520 1670 ἀλλ’
542 1595 578 1688 ἦ,
608 1610 649 1666 sio
675 1607 758 1666 nullo
784 1607 871 1666 modo
893 1614 990 1682 potest
1010 1605 1157 1686 intellegi,

108 1693 169 1774 ‘qul
186 1691 295 1748 facum
308 1693 362 1768 ¹nit,
383 1699 415 1750 nt
435 1690 578 1765 particula
599 1681 621 1773 ἢ
642 1691 816 1749 adlinnandi
832 1693 892 1750 vim
907 1691 1059 1765 acceperit,
1080 1711 1157 1764 quau

116 1773 196 1832 nilril
214 1794 351 1847 nmquam
367 1773 448 1834 alind
469 1783 569 1850 ageret
584 1776 642 1832 nisi
656 1787 688 1834 ut
703 1775 854 1834 dirimeret
867 1773 997 1836 diversas
1009 1775 1158 1836 notiones.

114 1855 317 1925 illudentem
340 1859 421 1918 nullo
449 1860 536 1918 modo
562 1879 682 1934 possum
707 1856 866 1936 Kruegero
893 1857 1048 1934 adsentiri,
1079 1855 1158 1934 quod

16 2015 21 2018 ,
112 1963 205 2020 quom
226 1942 363 2020 plerique
383 1945 565 2019 grammatici
586 1941 619 2000 id
643 1946 829 2003 constitutum
849 1940 1011 2016 habereut,
1039 1933 1111 2004 ἀλλ’
1133 1929 1167 2026 ἧ

112 2037 224 2086 tantum
245 2027 331 2085 modo
352 2029 386 2086 in
409 2028 636 2102 interrogatione
657 2029 700 2085 aio
720 2029 809 2102 poni,
833 2026 889 2084 ille
910 2029 1009 2100 potius
1029 2027 1072 2084 ita
1093 2027 1165 2090 rem‘

111 2110 330 2171 diiudicandum
350 2114 474 2186 putarit,
496 2119 527 2168 ut
549 2131 636 2187 quom
658 2112 691 2168 in
707 2111 852 2185 plurumis
864 2109 937 2170 locis
951 2111 1157 2184 interrogatio·

111 2217 181 2255 nem
211 2203 366 2272 agnoseet,
394 2197 427 2254 irr
447 2195 517 2256 eliis
536 2203 639 2254 tamen
658 2194 731 2254 lucie
752 2193 962 2268 interpretibus
984 2192 1158 2268 quibusdam

112 2281 346 2339 adfirmationear
373 2282 439 2340 sine
465 2281 694 2354 interrogatione
717 2276 897 2338 concederet.
938 2275 1017 2338 Nam
1037 2279 1093 2336 etsi
1113 2278 1159 2336 ln·

113 2366 218 2430 lenter
238 2365 270 2424 id
289 2365 440 2426 adsemior
452 2362 619 2442 liruegero,
639 2363 716 2438 qnod
731 2385 796 2424 curu
811 2361 1012 2438 Hoogereeuo
1024 2361 1061 2422 de
1071 2381 1159 2440 prae·

114 2457 199 2524 oepto
221 2445 380 2525 Hesychii:
411 2435 442 2533 ἦ,
460 2439 611 2531 ἀληθῶς,
634 2439 742 2524 ὅπως,
763 2467 827 2508 aare
848 2443 1014 2526 significare
1034 2449 1159 2526 putarit,

111 2535 171 2594 nisi
194 2530 274 2608 qnod
293 2535 402 2592 iniuria
423 2552 541 2610 carpere
562 2532 679 2593 ridetur
701 2533 751 2609 (p.
773 2536 825 2592 48.
844 2533 879 2594 iu
900 2531 1087 2598 adnotatione
1107 2529 1157 2611 *il

112 2615 296 2694 Riemerum,
316 2617 421 2694 quiin
439 2621 550 2678 Metuo
574 2619 624 2675 Gr.
644 2638 668 2677 e.
691 2636 720 2675 r.
743 2605 766 2700 ἧ
787 2635 852 2676 mea
874 2615 993 2690 quidem
1013 2615 1158 2694 sententia

111 2703 281 2764 rectissume
303 2703 426 2763 ararlro
447 2687 468 2784 ἦ
488 2699 538 2758 rel
559 2685 599 2783 ἦν
615 2699 770 2761 deductam
789 2697 865 2760 hano
885 2719 986 2760 rocem
1008 2718 1074 2760 essa
1095 2717 1159 2756 ore·

112 2775 202 2864 didit,
235 2807 294 2864 qna
314 2785 359 2845 de
379 2775 413 2846 re
433 2784 513 2845 inira
535 2773 665 2860 dicetur,
692 2783 743 2842 nbi
764 2781 948 2854 ἆὶειιαιιιιιιιι.
960 2781 997 2840 de
1017 2779 1159 2856 particula

112 2859 136 2954 ἦ
155 2870 192 2928 ad
213 2893 243 2944 p.
266 2875 328 2944 92,
350 2870 499 2928 tamenin
521 2869 655 2944 omnibns
675 2869 713 2925 iia
733 2865 814 2939 louis,
838 2867 872 2926 in
893 2865 998 2942 quibus
1018 2865 1159 2942 leguntur

111 2955 276 3030 particulae
293 2941 375 3018 ,ἀλλ’
397 2943 436 3038 ἦ,
464 2952 666 3028 interrogandi
693 2952 739 3010 ris
765 2948 840 3009 milri
867 2951 982 3010 ridetur
1005 2949 1159 3008 retinenda

112 3059 188 3114 esre,
209 3047 252 3112 nt,
277 3039 302 3095 si
324 3037 439 3113 qnando
460 3035 743 3110 aliquid=adlirmari
764 3034 907 3109 rideatur,
926 3033 958 3092 id
978 3044 1074 3092 tamen
1096 3053 1159 3092 nun

112 3121 165 3181 fiat
186 3123 247 3182 nisi
265 3141 319 3196 per
332 3123 601 3195 interrogationem,
620 3122 730 3195 qnippe
744 3139 818 3192 qnae
832 3119 904 3176 adeo
918 3119 1041 3192 propria
1053 3115 1160 3175 lrarnnr

30 3219 36 3230 “
111 3205 321 3284 particularum
337 3205 416 3264 lacta
439 3224 503 3266 esee
525 3203 666 3278 rideatur,
688 3213 719 3262 ut
741 3205 776 3262 ab
797 3199 852 3260 hac
869 3204 930 3260 ianr
953 3199 1189 3263 consuetudin*

112 3289 229 3350 dicendi
253 3289 392 3350 recedere
419 3311 479 3350 non
505 3287 614 3348 liceret.
656 3285 748 3346 Ratio
773 3294 871 3344 autem
892 3293 979 3358 atqua
1001 3287 1045 3344 rie
1069 3283 1158 3345 huius

114 3373 269 3432 locutionis
303 3371 376 3432 haec
410 3383 470 3448 eet,
501 3379 534 3430 ut
566 3373 602 3430 ab
634 3372 671 3429 iis
703 3369 838 3444 quidem,
871 3389 946 3446 qnae
978 3368 1071 3428 adhuc
1097 3379 1159 3431 autu

113 3465 201 3530 sunt,
228 3479 282 3538 per
295 3457 477 3534 'particulam
503 3445 588 3518 ἀλλὰ
611 3463 736 3515 ,externa
761 3455 882 3530 quidem
902 3450 1042 3514 orationis
1062 3455 1159 3515 romu

111 3542 230 3602 recedat
258 3543 333 3618 illa,
364 3545 417 3618 qui
444 3541 596 3618 loquitur,
628 3559 660 3598 re
694 3547 790 3600 tamen
822 3560 913 3622 vera,
947 3549 979 3598 nt
1011 3542 1078 3614 ipsa
1111 3558 1159 3596 oo·

60 3623 65 3630 ’
111 3629 289 3702 gitationum
305 3629 400 3686 series
422 3636 482 3701 est,
504 3627 615 3699 exiis,
637 3644 711 3700 quae
732 3623 894 3686 antedicta
914 3623 1058 3684 uutlactu
1079 3627 1159 3694 sunt,

112 3731 146 3788 ee
167 3711 206 3770 ad
228 3709 304 3772 nanc
319 3713 576 3788 interrogationem
593 3710 745 3770 adductum
759 3708 984 3788 esserostendat,
1005 3701 1084 3781 qnod
1098 3722 1160 3760 nou
1275 3768 1281 3780 ο

111 3796 172 3854 ianr
196 3798 321 3871 quaerit,
342 3797 418 3855 sitne
439 3795 549 3871 aliquid
565 3814 668 3869 necne,
688 3792 739 3852 sed
762 3814 807 3851 an
828 3791 937 3867 aliquid
958 3805 1090 3844 reuera
1112 3783 1159 3864 sit,

111 3878 193 3956 qnod
213 3881 277 3938 eins
299 3881 396 3938 animo
417 3881 477 3938 iarn
499 3879 535 3938 ad
549 3876 758 3951 suspicandum
771 3876 861 3934 fuerit
876 3873 1029 3931 obiectum.
1059 3865 1159 3944 Quam

112 3966 151 4023 ob
182 3983 249 4023 rem
275 3963 355 4023 recle
382 3962 497 4023 ridetur
524 3961 561 4020 P.
590 3957 752 4018 Elmsleins
782 3957 819 4015 ad
843 3949 996 4026 Euripidis
1026 3951 1160 4010 llerncli-

112 4047 217 4106 durum
232 4067 267 4107 τι.
289 4051 363 4107 426.
383 4069 415 4124 p.
438 4051 491 4108 92.
504 4045 560 4104 ed.
580 4041 666 4117 Lips.
709 4037 882 4116 Mnsgrevio
898 4037 999 4112 ²potius
1020 4035 1159 4105 adrassus

113 4150 191 4212 utre,
213 4135 267 4210 qui
283 4135 371 4196 vertit
382 4130 435 4194 has
450 4129 607 4210 particulas
622 4146 660 4188 oo
672 4143 747 4204 erpo,
756 4143 847 4202 quarn
859 4122 925 4268 alii:
934 4121 1160 4246 interpretibus,
