2980 4574
584 196 698 293 ἵνα..
795 157 802 164 ·
952 191 958 200 ⁸
1086 197 1150 264 627
1251 230 1257 238 ·

112 363 214 422 aaran.
234 361 296 418 'Eni
315 367 342 418 rt
356 359 410 436 γάρ
426 362 459 434 μ’
479 364 588 420 ἐκεῖθεν
605 353 684 434 ipae,-
704 368 804 422 Πεισθ.
824 362 862 420 ἵν’
880 363 1060 436 ἆκσδσυδοδης
1076 365 1148 436 ἐμοί.

112 473 256 546 optativus
295 457 521 550 ἀκολουθοίης
558 472 621 530 aine
659 469 719 528 ulia
758 471 896 545 temporie
937 471 1150 546 significatione

112 555 259 630 significat
282 554 402 627 proprie
424 551 500 610 nihil
522 553 602 612 alioci
622 555 678 613 niei
701 556 904 628 cogitationem
925 555 1007 628 aiae,
1032 575 1072 614 ex
1093 576 1154 629 quo

118 637 154 696 de
183 638 321 711 coneilio,
348 656 407 709 quc
429 632 503 694 iilud
530 638 641 712 egerit,
664 631 829 714 quaeritur,
856 637 906 696 ced
928 657 983 698 nan
1006 647 1102 696 tamen
1124 647 1154 698 et
1254 625 1261 639 ⁸

112 721 322 798 consuetudine
354 719 495 793 loquendi
526 720 632 778 sactum
664 729 722 796 eet,
754 732 784 780 ut
813 723 950 795 temporie
978 721 1154 793 significatio

113 808 262 878 praeteriti
293 803 342 861 icti
370 805 498 877 optativo
518 803 721 864 adhaerescere
744 803 907 880 videretur,
936 803 1012 878 qaod
1034 807 1066 863 in
1089 804 1154 881 ple·

112 891 214 962 risque
249 887 324 946 locie
354 884 411 944 laec
444 907 503 944 nna
533 887 570 946 de
602 907 700 948 canera
730 909 790 946 non
815 907 900 948 verne
928 895 1067 962 aventon,
1100 886 1155 948 eccl

114 979 236 1030 eventus
257 971 392 1045 cogitatio
414 973 547 1044 ponitur,
569 973 639 1044 qnia
662 973 694 1030 in
716 992 750 1030 re
770 973 830 1029 ianr
849 972 926 1029 facta
947 992 1008 1030 non
1028 971 1155 1044 amplia!

115 1054 150 1112 rie
177 1063 282 1125 eventu
310 1055 397 1126 'qrraei
420 1053 507 1112 etiarn
529 1075 607 1111 nono
627 1055 725 1112 saturo
747 1054 928 1128 cogitandum
951 1065 1009 1129 est,
1042 1053 1094 1114 ced
1117 1054 1155 1114 de

114 1147 236 1211 eventu,
260 1155 344 1208 quem
367 1135 542 1194 admodum
563 1138 660 1196 animo
682 1139 719 1196 ab
744 1159 795 1212 eo,
824 1140 875 1212 qni
898 1139 971 1212 egit,
999 1145 1155 1212 conceptue

113 1221 219 1296 fuerit,
250 1221 352 1293 qrraeri
381 1219 474 1278 debet.
517 1218 630 1278 Eodem
659 1221 745 1279 modo
774 1219 1102 1296 resupinandum,
1128 1219 1156 1280 ei

114 1305 147 1362 in
169 1302 300 1363 eiusdem
320 1300 529 1378 Aristophanis
549 1305 634 1362 Plato
654 1323 683 1362 v.
704 1309 745 1363 90
766 1325 811 1378 eq.
835 1303 956 1364 dicitnrr

574 1393 603 1450 ‘O
620 1399 654 1452 δέ
669 1397 703 1469 μ’
725 1396 989 1470 turrecremata,

311 1467 357 1518 irc
373 1461 413 1532 μὴ
431 1463 660 1534 διαγιγνώσκοιμι
677 1463 778 1522 ιοὺιων
792 1469 925 1537 μηδένα,

115 1588 184 1626 nam
213 1569 268 1628 etei
297 1588 344 1627 ree
374 1571 416 1626 ita
439 1566 487 1626 hic
510 1580 673 1642 comparata
697 1579 758 1646 eet,
789 1577 822 1628 nt
844 1572 932 1629 etiam
955 1571 1156 1628 coniunctivae

115 1653 188 1727 poni
208 1655 351 1726 potuerit,
380 1653 463 1726 quaei
488 1664 611 1710 eventus
633 1655 797 1712 etiamnunc
819 1655 1005 1727 experientia
1026 1672 1059 1711 ac
1079 1654 1158 1712 veri-

117 1744 175 1792 tate
207 1735 443 1809 comprobandae
469 1745 561 1809 eeeet,
593 1744 689 1792 tamen
725 1739 871 1810 optativae
900 1737 1072 1809 eptiesnmne
1100 1743 1157 1805 eet,

117 1815 196 1890 quod
223 1820 264 1875 sic
285 1827 395 1876 tantum
416 1817 502 1875 modo
524 1817 560 1876 de
584 1837 618 1876 eo
640 1820 771 1894 consilio,
799 1818 876 1892 quod
899 1818 951 1875 iiie
973 1837 1061 1892 agane
1079 1815 1157 1876 iaturl
1201 1811 1207 1820 ’

118 1899 271 1975 habuerit,
295 1903 443 1974 quaeritur
465 1909 553 1974 atque
574 1903 669 1961 omnia
690 1901 762 1960 haec
782 1901 913 1975 quaeatio
934 1909 1031 1958 ntrnnr
1051 1918 1155 1960 revera

117 1985 248 2042 evenerit
269 1983 360 2056 illud,
385 1982 462 2057 quod
487 1987 628 2058 speravit,
652 2005 745 2043 necne
768 1985 856 2058 plane
877 1985 1030 2042 omittitur.

201 2064 262 2124 Sed
285 2074 399 2138 tamen,
428 2075 459 2122 nt
486 2086 574 2139 supra
602 2067 743 2142 vidimus,
773 2069 866 2140 potnit
890 2068 978 2123 etiam
1000 2065 1159 2122 coniuncti·

118 2169 173 2209 vae
201 2156 266 2224 poet
293 2143 346 2210 ‘r'rcr
368 2149 537 2222 particulam
559 2167 729 2223 praegresso
751 2159 880 2222 tempore
901 2150 1056 2222 praeterito
1076 2148 1158 2220 poni,

120 2235 145 2291 ei
174 2252 233 2290 non
255 2234 411 2307 cogitatum
433 2242 583 2304 eventum,
613 2230 664 2289 ced
685 2251 786 2290 veram
805 2235 836 2290 in
855 2233 1025 2290 narratione
1046 2234 1158 2304 epecta-

119 2335 184 2374 mua
206 2335 238 2373 ac
258 2319 299 2374 sio
319 2317 407 2373 etiem
428 2314 502 2372 iliud
521 2314 629 2372 factam
653 2324 696 2372 est
715 2315 877 2389 interdurn,
902 2323 933 2372 nt
954 2315 991 2371 ab
1012 2331 1069 2370 una
1088 2313 1169 2385 par·'

120 2397 207 2458 ticula
235 2393 289 2459 ἵνα
316 2407 343 2456 et
371 2399 515 2471 optativus
540 2405 568 2454 et
592 2399 790 2456 coniunctivae
811 2415 969 2470 suspensae
989 2415 1054 2454 eree
1076 2394 1158 2452 vide·
1227 2396 1286 2456 Ἵνα

120 2491 216 2556 retur,
246 2501 306 2538 non
337 2481 414 2554 qnod
442 2498 542 2538 revera
562 2481 611 2536 icti
632 2481 711 2537 modi
730 2487 779 2537 aut
801 2499 817 2538 a
838 2481 995 2553 praeterito
1017 2487 1159 2553 tempore,
1185 2486 1240 2521 ⁰¹¹³
1257 2480 1329 2534 ⁰9¹¹·

124 2565 201 2648 qnod
224 2569 394 2639 praecessit,
424 2571 474 2621 ant
495 2564 531 2620 ab
551 2563 618 2634 iiia,
644 2581 732 2638 qaam
752 2561 835 2635 dixi,
860 2561 1002 2634 perticata
1022 2579 1161 2632 regeren-
1176 2541 1336 2620 ⁶3⁰⁰⁸⁰⁰²·

122 2657 184 2721 tar,
215 2646 268 2706 ned
295 2649 364 2720 quia
392 2648 458 2719 ipea
486 2647 647 2718 sententie,
680 2649 761 2704 caiae
783 2646 950 2717 primariam
972 2651 1101 2715 partem,
1131 2645 1159 2700 ai
1201 2618 1314 2722 Mffw
1417 2647 1421 2656 '

122 2733 363 2789 constructionem
386 2737 564 2802 spectamus,
587 2731 720 2786 continet·
735 2730 871 2800 verbum,
893 2725 979 2783 modo
997 2725 1033 2783 ed
1054 2726 1160 2782 verita-
1188 2738 1330 2790 coniuent.

121 2825 196 2885 tem,
225 2811 310 2872 modo
338 2812 374 2870 ad
396 2815 600 2886 cogitationem
630 2813 748 2870 alteriue
771 2811 975 2883 revocabatur,
999 2809 1081 2865 varia
1102 2809 1161 2868 ieta
1186 2808 1331 2858 emm·

122 2899 295 2956 constructio
327 2895 480 2952 verborum
508 2907 576 2952 nata
603 2904 655 2954 eet.
711 2893 815 2967 anue
843 2892 1161 2958 modornmvarietate

122 2979 192 3038 inde
214 2983 249 3038 ab
269 2977 400 3036 Homero
421 2996 520 3034 omnes
540 2977 603 3034 sere
621 2980 779 3049 scriptores
801 2974 941 3035 Graeciae
962 2995 1013 3032 eoo
1033 2975 1097 3032 loco
1116 2975 1162 3031 nei

122 3071 198 3120 eunt.
242 3059 282 3118 Et
312 3059 458 3119 flumem
488 3058 606 3133 quidem
632 3057 742 3116 Iliadae
769 3059 821 3120 lib.
842 3055 919 3116 XV.
947 3077 977 3116 r.
1007 3058 1069 3114 596
1094 3074 1161 3128 rqq·

121 3142 193 3202 haec
213 3140 314 3202 habet:
901 3175 909 3184 ·

282 3238 390 3308 Ἕκτορι
407 3234 461 3308 γὰρ
480 3237 507 3290 oi
522 3233 613 3303 θυμὸς
630 3231 754 3303 ἐβούλετο
773 3234 856 3292 κῦδος
872 3230 987 3304 optim(

289 3309 449 3390 Πριαμίδῃ,
469 3307 516 3356 ἵνα
534 3307 614 3372 νηυσὶ
629 3308 760 3374 κορωνίσι
776 3301 926 3360 θεσπιδαὲς
941 3303 997 3374 πῦρ

289 3369 393 3445 ἐμβάλῃ
410 3367 567 3440 ιικιὶματον,
590 3373 700 3434 Θέιιδος
717 3370 743 3426 δ’
765 3372 885 3431 ἐξαίσιον
904 3367 974 3442 ἀρὴν

289 3443 384 3494 πᾶσαν
402 3435 572 3512 ἐπικρήνειε,

126 3547 201 3604 qnae
232 3545 286 3601 ego
313 3549 374 3586 non
396 3531 578 3588 mutaverim.
619 3527 702 3592 Nihil
731 3531 811 3589 enim
836 3523 957 3604 impedit
987 3547 1045 3600 quo
1068 3521 1165 3584 minae

126 3617 224 3687 priore
243 3613 372 3670 membro
392 3615 487 3687 ipsum
507 3621 642 3673 eventum
664 3617 714 3688 qui
731 3613 861 3690 loquitur
878 3617 1004 3688 spectet,
1023 3612 1055 3667 in
1074 3607 1166 3668 altero

126 3697 256 3755 membro
284 3704 375 3770 ponat
403 3704 550 3769 speratum
575 3700 611 3756 ab
638 3698 707 3773 illo,
734 3699 786 3771 qui
810 3697 887 3772 agit,
916 3701 1063 3754 eventurn.
1106 3687 1168 3749 set

17 3790 20 3799 “
127 3781 277 3838 veniamus
306 3777 343 3838 ad
371 3779 502 3853 reliquos
530 3782 702 3854 ecriptoree‚
733 3785 784 3854 qni
811 3777 887 3838 hanc
913 3779 1055 3838 rationem
1080 3793 1168 3848 caepe

126 3873 319 3938 usurparant,
340 3861 430 3924 velati
454 3859 620 3921 Herodotus
641 3864 693 3921 lib.
715 3859 741 3920 I.
763 3885 825 3938 cap.
848 3867 917 3920 196.
944 3859 1029 3919 dicite
1054 3851 1092 3918 Ὁ
1108 3851 1169 3933 μέν

127 3965 183 4006 νυν
216 3942 391 4020 κάλλιστος
423 3939 523 4024 νόμος
555 3931 653 4019 οὗτός
681 3963 743 4027 σφι
770 3935 826 4028 ἦν,
860 3935 897 4008 οὐ
922 3939 1035 4022 μέντοι
1055 3940 1110 4003 νῦν
1126 3958 1168 4018 ya

127 4023 290 4166 ‹irclrle'ttcoc
317 4015 396 4104 ἐών,
424 4019 505 4093 {itio
533 4023 571 4093 δέ
596 4049 629 4090 σι
651 4023 846 4114 ἐξευρήκασι
866 4020 983 4164 νειρστὶ
1003 4019 1168 4104 γενέσθαι,

203 4150 211 4167 .
940 4115 954 4164 l
