3016 4580
308 199 372 266 216
671 261 675 270 ,
740 191 920 264 αὐτίκα.
1335 229 1356 262 ο

311 371 363 430 ille
385 371 464 429 locus
489 367 610 428 Terenti
635 387 674 425 ex
694 367 874 426 Pisornrionis
894 373 947 428 act.
969 362 1026 434 IV.
1049 385 1089 426 rc.
1110 369 1140 424 4.
1162 387 1190 426 s.
1206 371 1256 428 ·27
1277 389 1354 446 sqq,

313 457 364 532 qui
384 457 488 513 misere
508 461 657 527 corruptus
678 459 723 510 est
745 470 762 508 a
783 451 930 512 veteribus
951 461 980 511 et
999 450 1212 514 recentioribus
1230 455 1354 516 criticis:

522 573 525 580 ⁴
548 579 641 622 couno
655 580 751 622 coctast.-
765 549 882 622 suscitans
895 579 1013 626 sarissas.-

547 650 666 700 Haruspex
679 649 746 688 uetuit
759 649 811 689 unte
825 647 925 689 brunnum
938 651 1011 692 auena
1024 650 1076 692 novi

548 717 630 771 Nepoti
643 717 753 770 incipere,
767 726 826 768 panc
838 727 921 758 causan
934 721 967 759 est
981 718 1125 764 iustissumo..

315 844 372 900 quo
403 825 435 881 in
467 821 547 897 loco,
577 841 666 896 quom
686 827 802 896 retepes
820 822 933 881 librarii
956 825 989 882 iu
1014 823 1147 899 genitivo
1168 825 1233 883 noui
1254 826 1358 900 nepoti,

315 927 404 982 quem
427 927 485 981 qno
506 905 648 964 referrent
669 925 730 962 nou
752 903 932 983 babuerunt,
957 907 1164 982 offendissent,
1192 906 1359 966 adiecerunt

315 991 361 1049 illi
385 1009 546 1064 pronomen
573 988 698 1066 aliquid,
728 989 806 1062 quod
833 993 925 1050 eiecta
946 999 995 1049 aut
1019 993 1107 1051 etiem
1128 999 1243 1060 servata
1264 999 1359 1050 uniens

315 1073 457 1150 particula
485 1081 588 1148 postca
609 1075 641 1130 in
664 1069 787 1132 Terenti
808 1078 971 1133 orationem
994 1085 1140 1149 receptum
1163 1082 1216 1133 est.
1260 1073 1360 1153 Quom

317 1157 413 1216 tanien
435 1157 640 1231 antiquissumi
660 1155 730 1214 libri
752 1177 810 1215 uno
832 1178 974 1220 consensu
999 1157 1188 1218 exhiberent:
1211 1166 1278 1217 onte
1291 1159 1360 1216 bsu-

317 1261 394 1299 osnos
422 1250 516 1299 austum
543 1244 609 1298 srovi
635 1244 728 1316 nepoti
750 1244 871 1316 incipere
892 1251 958 1312 etc,
991 1240 1076 1303 Rich.
1104 1240 1273 1317 Bentleius,
1302 1262 1361 1316 qua

286 1345 290 1354 ¹
316 1325 373 1383 suit
395 1325 514 1384 audacia
537 1325 569 1382 in
592 1323 782 1399 neglegenciis
802 1325 944 1384 librorum
967 1329 1152 1403 testimoniis,
1175 1328 1307 1402 scripsit:

577 1452 681 1503 Arsspcs
693 1453 774 1495 renuit:
788 1457 840 1496 nats
854 1453 953 1498 brumum
967 1429 1039 1498 saltem
1051 1457 1104 1500 nost

578 1520 661 1574 n'eposs
674 1519 735 1562 assu
747 1522 851 1576 racipere
863 1535 933 1566 cusssn
947 1527 980 1566 est
994 1525 1099 1572 sontica..

280 1617 286 1626 ⁸
319 1625 397 1702 quod
421 1633 465 1686 est
485 1623 690 1686 falsissunmm.
734 1625 818 1688 Bone
838 1629 970 1703 prosectu
993 1649 1026 1690 se
1045 1627 1145 1706 babet,
1166 1626 1245 1705 quod
1266 1635 1310 1689 est
1329 1631 1363 1688 in
1419 1669 1425 1680 ·
1485 1629 1486 1674 ἶ

318 1711 404 1772 libris
440 1713 668 1784 antiquissumis.
718 1709 826 1788 Neque
860 1717 938 1776 euim
968 1723 1061 1773 nutem
1093 1715 1232 1790 particula
1260 1717 1364 1789 quinto

319 1795 383 1854 loco
411 1797 506 1869 posita
533 1799 642 1870 poterit
669 1814 845 1870 quemquam
872 1801 996 1874 morari,
1026 1799 1077 1876 qui
1103 1807 1147 1858 est
1168 1800 1282 1874 antiqui
1304 1818 1364 1858 ser-

320 1881 414 1935 monis
437 1897 561 1950 gnorus,
590 1899 687 1950 nsque
710 1881 762 1934 ills
785 1883 934 1954 genitivus
956 1887 1021 1936 novi
1041 1887 1150 1952 nepoti,
1177 1884 1230 1954 qul
1253 1884 1298 1935 est
1316 1896 1365 1935 re·

320 1957 458 2018 terendus
489 1956 526 2016 ad
558 1961 679 2020 uerbum
709 1964 846 2038 incipere,
878 1959 964 2020 debet
995 1959 1152 2020 offensioni
1182 1979 1262 2035 esse,
1296 1961 1366 2034 quia

321 2041 438 2117 Latini,
471 2045 522 2117 qui
549 2043 689 2104 dixerunt
716 2045 840 2104 desinare
870 2047 991 2104 alicuius
1017 2048 1072 2114 roi,
1103 2051 1237 2118 poterunt
1262 2042 1366 2104 eodem

322 2131 386 2187 iuro
409 2126 505 2186 dicere
526 2131 614 2186 etiam
635 2131 755 2206 incipero
776 2129 895 2188 alicuius
918 2132 973 2197 roi,
997 2129 1169 2204 praesertim
1191 2147 1278 2206 quum
1299 2128 1366 2190 aliis

324 2231 441 2288 quoque
462 2211 532 2270 locis
558 2232 654 2273 casum
676 2213 838 2290 genitivum
863 2214 895 2270 in
921 2211 1011 2294 simili
1037 2230 1139 2272 csnsss
1160 2209 1355 2273 adhibuerint.

721 2367 968 2443 Aisium

188 2516 306 2570 Aditus.
407 2497 559 2583 Αὐτίκα,
589 2503 667 2580 quod
698 2502 736 2562 od
763 2524 924 2578 pronomen
957 2495 1058 2579 αὐτὸς
1090 2502 1274 2566 referendum
1302 2525 1383 2566 esse.

213 2582 244 2679 1³.
263 2628 307 2680 45·
326 2599 422 2666 patet,
449 2598 482 2649 ut
508 2589 539 2649 id
565 2594 608 2649 ita
632 2589 762 2663 dicatur,
794 2591 837 2648 uti
866 2580 979 2673 ἡνίκα,
1008 2583 1124 2670 τηνίκα
1148 2599 1176 2650 et
1202 2609 1277 2664 quas
1301 2603 1369 2650 suns

324 2676 448 2746 similia,
478 2677 648 2734 rectissume
678 2675 797 2732 omniuo
821 2675 861 2732 ita
890 2675 1097 2748 interpretatus
1120 2681 1163 2733 est
1184 2672 1369 2750 Hartuugius

325 2757 396 2818 Vol.
425 2755 450 2816 l.
479 2779 510 2831 p.
538 2764 608 2818 301.
640 2765 672 2816 ut
699 2757 807 2818 diceret
832 2754 950 2816 Latinis
976 2757 1039 2814 sera
1068 2756 1220 2815 formulisr
1249 2778 1281 2817 eo
1307 2763 1370 2836 ipso

325 2851 457 2920 terssporc,
478 2842 565 2911 illico,
587 2847 696 2910 statius,
718 2835 906 2913 respondere.
1203 2905 1205 2911 Ι

411 2921 499 3004 Quod
526 2933 623 2983 antem
648 2922 795 2981 Derarius
818 2943 849 2994 p.
875 2921 926 2976 45.
950 2918 991 2974 sit
1014 2918 1235 2990 probationibus
1261 2924 1371 2982 sessim

301 3007 403 3068 'bauo
429 3003 620 3081 particulam,
648 3003 678 3061 id
704 3024 775 3063 suno
795 3007 838 3060 ita
862 3022 894 3060 se
919 2999 1022 3074 babet,
1050 3003 1136 3062 modo
1160 3012 1308 3063 teneamus
1330 3007 1373 3065 ibi

327 3099 440 3152 tuntum
468 3089 554 3148 modo
581 3087 650 3146 buic
676 3087 834 3162 particulae
858 3087 892 3145 in
910 3083 1054 3160 exemplis
1076 3086 1241 3146 adserendis
1260 3097 1288 3148 et
1305 3111 1373 3165 pro·

327 3176 493 3234 bationibus
522 3170 665 3248 ponendis
692 3171 785 3230 locum
814 3189 894 3245 esso,
924 3170 975 3227 ubi
1002 3169 1132 3229 indicare
1160 3171 1283 3232 velimus
1310 3193 1373 3233 rem

327 3278 390 3325 nou
419 3255 477 3316 ulte
505 3255 661 3333 petendam
687 3275 741 3314 nec
763 3254 1079 3340 longsepcessendum
1107 3275 1186 3332 csse,
1222 3277 1310 3329 qnam
1337 3260 1373 3316 ob

328 3359 390 3398 rem
412 3347 489 3398 recte
515 3343 578 3414 ipsa
601 3339 749 3398 Desurius
776 3336 882 3396 deiude
907 3337 1001 3410 dixit,
1029 3339 1168 3410 particula
1196 3333 1314 3404 αὐτίκα
1341 3343 1374 3399 in

334 3428 471 3504 promptu
491 3440 555 3482 esse
576 3423 778 3496 probationem
799 3420 966 3498 significari,
988 3423 1029 3478 nti
1048 3424 1079 3480 iu
1098 3423 1151 3482 illo
1169 3422 1233 3482 loco
1254 3423 1374 3486 Aristo·
1467 3487 1472 3494 ,

330 3501 437 3584 phanis
460 3524 500 3564 ex
520 3505 605 3564 Pluto
629 3525 657 3565 r.
684 3510 743 3564 129
767 3525 824 3583 sq,
846 3507 897 3564 ubi
918 3505 972 3570 boc
995 3503 1114 3563 dicitnr:
1182 3529 1186 3534 ·

592 3607 594 3612 Ι
888 3615 931 3684 Νὴ
951 3614 999 3671 τὸν
1018 3614 1147 3690 οὐρανόν.

501 3685 599 3742 αὐτίκα
616 3685 671 3760 γὰρ
690 3683 769 3762 ἄρχει
787 3683 834 3740 διὰ
852 3684 903 3742 τίν’
926 3682 941 3738 ὁ
961 3684 1032 3746 Ζεὺς
1048 3689 1103 3741 τῶν
1119 3691 1210 3755 decim

334 3796 404 3870 quia
431 3814 490 3855 nou
523 3793 582 3854 slts
611 3792 674 3852 volt
704 3799 839 3868 repetere
867 3789 1043 3870 Gbremylus
1070 3799 1273 3868 argumentum
1300 3791 1377 3868 cius,

335 3877 414 3952 quod
444 3877 531 3938 dixit.
573 3873 687 3936 Eodem
713 3876 800 3938 modo
828 3875 935 3936 Graeci
962 3879 1050 3938 ctiam
1076 3870 1179 3951 εὐθὺς
1206 3885 1377 3952 posueruut,

333 3959 443 4020 Latine
468 3969 564 4021 autem
587 3960 732 4021 interdum
756 3961 801 4021 ool
823 3963 867 4020 sic
887 3960 1007 4038 dicitur,
1037 3959 1114 4019 unda
1137 3962 1224 4018 etiam
1247 3959 1322 4019 oelsst
1347 3967 1377 4019 st

330 4043 420 4102 ossan
444 4045 605 4118 protectum
628 4043 691 4106 est.'
722 4043 772 4106 Sic
797 4047 877 4104 euius
899 4043 1010 4105 locutus
1037 4049 1081 4104 cst
1105 4045 1168 4118 ipse
1190 4039 1236 4103 M.
1261 4039 1378 4106 Tollius
