<?xml version="1.0" encoding="UTF-8"?>
<!DOCTYPE html PUBLIC "-//W3C//DTD XHTML 1.0 Transitional//EN"
    "http://www.w3.org/TR/xhtml1/DTD/xhtml1-transitional.dtd">
<html xmlns="http://www.w3.org/1999/xhtml" xml:lang="en" lang="en">
 <head>
  <title>
</title>
<meta http-equiv="Content-Type" content="text/html;charset=utf-8" />
  <meta name='ocr-system' content='tesseract 3.04.00' />
  <meta name='ocr-capabilities' content='ocr_page ocr_carea ocr_par ocr_line ocrx_word'/>
</head>
<body>
  <div class='ocr_page' id='page_1' title='image "./matthaeidevarii00klotgoog_0269.png"; bbox 0 0 3016 4580; ppageno 0'>
   <div class='ocr_carea' id='block_1_1' title="bbox 307 223 877 319">
    <p class='ocr_par' dir='ltr' id='par_1_1' title="bbox 307 223 877 319">
     <span class='ocr_line' id='line_1_1' title="bbox 307 223 877 319; baseline -0.011 -19"><span class='ocrx_word' id='word_1_1' title='bbox 307 230 373 300; x_wconf 77' lang='lat'><strong>258</strong></span> <span class='ocrx_word' id='word_1_2' title='bbox 782 223 877 319; x_wconf 71' lang='grc' dir='ltr'><strong>γάρ.</strong></span> 
     </span>
    </p>
   </div>
   <div class='ocr_carea' id='block_1_2' title="bbox 308 377 1432 1149">
    <p class='ocr_par' dir='ltr' id='par_1_2' title="bbox 309 377 1417 903">
     <span class='ocr_line' id='line_1_2' title="bbox 309 377 1405 486; baseline 0.006 -24"><span class='ocrx_word' id='word_1_3' title='bbox 309 393 413 463; x_wconf 70' lang='lat' dir='ltr'><strong>Beki:</strong></span> <span class='ocrx_word' id='word_1_4' title='bbox 433 423 461 478; x_wconf 90' lang='lat' dir='ltr'><strong>p.</strong></span> <span class='ocrx_word' id='word_1_5' title='bbox 483 404 554 461; x_wconf 75' lang='lat' dir='ltr'><strong>tae.</strong></span> <span class='ocrx_word' id='word_1_6' title='bbox 576 397 619 462; x_wconf 83' lang='lat' dir='ltr'><strong>A.</strong></span> <span class='ocrx_word' id='word_1_7' title='bbox 644 400 690 461; x_wconf 82' lang='lat' dir='ltr'><strong>ad.</strong></span> <span class='ocrx_word' id='word_1_8' title='bbox 712 397 754 460; x_wconf 88' lang='grc' dir='ltr'><strong>Η.</strong></span> <span class='ocrx_word' id='word_1_9' title='bbox 776 397 881 476; x_wconf 80' lang='lat' dir='ltr'><strong>Staplu</strong></span> <span class='ocrx_word' id='word_1_10' title='bbox 910 391 974 484; x_wconf 77' lang='grc' dir='ltr'><strong>Μή</strong></span> <span class='ocrx_word' id='word_1_11' title='bbox 996 393 1049 464; x_wconf 88' lang='grc' dir='ltr'><strong><em>τοί</em></strong></span> <span class='ocrx_word' id='word_1_12' title='bbox 1070 421 1136 476; x_wconf 84' lang='grc' dir='ltr'><strong><em>τις,</em></strong></span> <span class='ocrx_word' id='word_1_13' title='bbox 1162 387 1203 486; x_wconf 79' lang='grc' dir='ltr'><strong>ἦν</strong></span> <span class='ocrx_word' id='word_1_14' title='bbox 1226 394 1256 466; x_wconf 83' lang='grc' dir='ltr'><strong>δ’</strong></span> <span class='ocrx_word' id='word_1_15' title='bbox 1280 395 1353 485; x_wconf 72' lang='grc' dir='ltr'><strong>ἐγώ,</strong></span> <span class='ocrx_word' id='word_1_16' title='bbox 1402 377 1405 390; x_wconf 24' lang='grc' dir='ltr'><strong><em>ί</em></strong></span> 
     </span>
     <span class='ocr_line' id='line_1_3' title="bbox 310 471 1417 586; baseline 0.004 -38"><span class='ocrx_word' id='word_1_17' title='bbox 310 477 499 559; x_wconf 71' lang='grc' dir='ltr'><strong><em>ἀσκέπτους</em></strong></span> <span class='ocrx_word' id='word_1_18' title='bbox 518 477 606 570; x_wconf 78' lang='grc' dir='ltr'><strong><em>ἡμᾶς</em></strong></span> <span class='ocrx_word' id='word_1_19' title='bbox 627 471 725 560; x_wconf 71' lang='grc' dir='ltr'><strong><em>ὄντας</em></strong></span> <span class='ocrx_word' id='word_1_20' title='bbox 745 478 931 571; x_wconf 76' lang='grc' dir='ltr'><em>θορυβήσῃ,</em></span> <span class='ocrx_word' id='word_1_21' title='bbox 955 477 1001 560; x_wconf 81' lang='grc' dir='ltr'><strong>ὡς</strong></span> <span class='ocrx_word' id='word_1_22' title='bbox 1022 475 1130 586; x_wconf 65' lang='grc' dir='ltr'><strong>οῦδιίι,1</strong></span> <span class='ocrx_word' id='word_1_23' title='bbox 1153 487 1260 550; x_wconf 88' lang='grc' dir='ltr'><strong><em>ντοτοῦ</em></strong></span> <span class='ocrx_word' id='word_1_24' title='bbox 1280 482 1354 552; x_wconf 77' lang='grc' dir='ltr'><strong><em>ἐντι·</em></strong></span> <span class='ocrx_word' id='word_1_25' title='bbox 1408 532 1417 541; x_wconf 79' lang='lat'>·</span> 
     </span>
     <span class='ocr_line' id='line_1_4' title="bbox 310 559 1353 654; baseline 0.001 -21"><span class='ocrx_word' id='word_1_26' title='bbox 310 571 424 648; x_wconf 70' lang='grc' dir='ltr'><strong><em>θυμοῖ,</em></strong></span> <span class='ocrx_word' id='word_1_27' title='bbox 447 559 535 633; x_wconf 79' lang='grc' dir='ltr'><strong>ἀλλὰ</strong></span> <span class='ocrx_word' id='word_1_28' title='bbox 555 569 698 654; x_wconf 83' lang='grc' dir='ltr'><strong><em>χρηστοῦ</em></strong></span> <span class='ocrx_word' id='word_1_29' title='bbox 720 570 839 642; x_wconf 79' lang='grc' dir='ltr'><strong><em>ποτοῦ,</em></strong></span> <span class='ocrx_word' id='word_1_30' title='bbox 861 569 918 632; x_wconf 85' lang='grc' dir='ltr'><strong>καὶ</strong></span> <span class='ocrx_word' id='word_1_31' title='bbox 933 560 972 630; x_wconf 86' lang='grc' dir='ltr'><strong>οῦ</strong></span> <span class='ocrx_word' id='word_1_32' title='bbox 988 563 1088 641; x_wconf 90' lang='grc' dir='ltr'><strong><em>σίτου,</em></strong></span> <span class='ocrx_word' id='word_1_33' title='bbox 1110 564 1196 632; x_wconf 80' lang='grc' dir='ltr'><strong><em>αλλὰ</em></strong></span> <span class='ocrx_word' id='word_1_34' title='bbox 1210 571 1353 654; x_wconf 77' lang='grc' dir='ltr'><strong><em>χρηστοῦ</em></strong></span> 
     </span>
     <span class='ocr_line' id='line_1_5' title="bbox 310 642 1354 737; baseline -0.004 -19"><span class='ocrx_word' id='word_1_35' title='bbox 310 649 422 718; x_wconf 84' lang='grc' dir='ltr'><strong><em>σι’του·</em></strong></span> <span class='ocrx_word' id='word_1_36' title='bbox 450 645 572 730; x_wconf 82' lang='grc' dir='ltr'><strong><em>πάντες</em></strong></span> <span class='ocrx_word' id='word_1_37' title='bbox 601 647 664 737; x_wconf 73' lang='grc' dir='ltr'><strong>γὰρ</strong></span> <span class='ocrx_word' id='word_1_38' title='bbox 693 642 759 734; x_wconf 83' lang='grc' dir='ltr'><strong><em>δίρα</em></strong></span> <span class='ocrx_word' id='word_1_39' title='bbox 786 653 852 716; x_wconf 84' lang='grc' dir='ltr'><strong><em>τῶν</em></strong></span> <span class='ocrx_word' id='word_1_40' title='bbox 880 643 1020 734; x_wconf 73' lang='grc' dir='ltr'><strong><em>ἀγαθῶν</em></strong></span> <span class='ocrx_word' id='word_1_41' title='bbox 1041 647 1267 731; x_wconf 72' lang='grc' dir='ltr'><strong><em>ἐπιθυμοῦσιν</em></strong></span> <span class='ocrx_word' id='word_1_42' title='bbox 1287 645 1354 718; x_wconf 72' lang='lat' dir='ltr'><strong>aci.</strong></span> 
     </span>
     <span class='ocr_line' id='line_1_6' title="bbox 310 731 1354 822; baseline 0.004 -28"><span class='ocrx_word' id='word_1_43' title='bbox 310 735 425 817; x_wconf 78' lang='lat' dir='ltr'>Quibus</span> <span class='ocrx_word' id='word_1_44' title='bbox 453 737 486 794; x_wconf 92' lang='lat' dir='ltr'><strong>in</strong></span> <span class='ocrx_word' id='word_1_45' title='bbox 512 738 585 798; x_wconf 77' lang='lat' dir='ltr'><strong>locin</strong></span> <span class='ocrx_word' id='word_1_46' title='bbox 617 745 729 795; x_wconf 89' lang='lat' dir='ltr'><strong>tanturn</strong></span> <span class='ocrx_word' id='word_1_47' title='bbox 761 738 856 811; x_wconf 81' lang='lat' dir='ltr'><strong>abeat,</strong></span> <span class='ocrx_word' id='word_1_48' title='bbox 883 747 915 795; x_wconf 89' lang='lat' dir='ltr'><strong>ut</strong></span> <span class='ocrx_word' id='word_1_49' title='bbox 944 734 1003 795; x_wconf 87' lang='lat' dir='ltr'><strong>alia</strong></span> <span class='ocrx_word' id='word_1_50' title='bbox 1033 739 1077 796; x_wconf 79' lang='lat' dir='ltr'><strong>vis</strong></span> <span class='ocrx_word' id='word_1_51' title='bbox 1105 737 1265 812; x_wconf 77' lang='lat' dir='ltr'><strong>particulae</strong></span> <span class='ocrx_word' id='word_1_52' title='bbox 1290 731 1354 822; x_wconf 68' lang='grc' dir='ltr'><strong>γὰρ</strong></span> 
     </span>
     <span class='ocr_line' id='line_1_7' title="bbox 309 809 1355 903; baseline -0.001 -23"><span class='ocrx_word' id='word_1_53' title='bbox 309 820 461 897; x_wconf 74' lang='lat' dir='ltr'><strong>tribuatur,</strong></span> <span class='ocrx_word' id='word_1_54' title='bbox 484 823 553 896; x_wconf 87' lang='lat' dir='ltr'><strong>qnia</strong></span> <span class='ocrx_word' id='word_1_55' title='bbox 574 820 738 880; x_wconf 86' lang='lat' dir='ltr'><strong>adiunctam</strong></span> <span class='ocrx_word' id='word_1_56' title='bbox 760 819 864 880; x_wconf 82' lang='lat' dir='ltr'><strong>lrabeat</strong></span> <span class='ocrx_word' id='word_1_57' title='bbox 885 809 953 903; x_wconf 74' lang='grc' dir='ltr'><strong>όρα</strong></span> <span class='ocrx_word' id='word_1_58' title='bbox 974 821 1157 896; x_wconf 86' lang='lat' dir='ltr'><strong>particulam,</strong></span> <span class='ocrx_word' id='word_1_59' title='bbox 1178 829 1209 879; x_wconf 92' lang='lat' dir='ltr'><strong>nt</strong></span> <span class='ocrx_word' id='word_1_60' title='bbox 1222 820 1355 896; x_wconf 74' lang='lat' dir='ltr'><strong>adpetita</strong></span> 
     </span>
    </p>

    <p class='ocr_par' dir='ltr' id='par_1_3' title="bbox 308 895 1432 1149">
     <span class='ocr_line' id='line_1_8' title="bbox 332 895 1354 989; baseline 0.001 -26"><span class='ocrx_word' id='word_1_61' title='bbox 332 905 450 964; x_wconf 88' lang='lat' dir='ltr'><strong>articula</strong></span> <span class='ocrx_word' id='word_1_62' title='bbox 471 895 538 989; x_wconf 78' lang='grc' dir='ltr'><strong><em>ἷίρα</em></strong></span> <span class='ocrx_word' id='word_1_63' title='bbox 561 909 678 982; x_wconf 76' lang='lat' dir='ltr'><strong>egregia</strong></span> <span class='ocrx_word' id='word_1_64' title='bbox 700 904 851 964; x_wconf 81' lang='lat' dir='ltr'><strong>confirmet</strong></span> <span class='ocrx_word' id='word_1_65' title='bbox 869 907 998 964; x_wconf 77' lang='lat' dir='ltr'><strong>nativam</strong></span> <span class='ocrx_word' id='word_1_66' title='bbox 1012 899 1074 988; x_wconf 79' lang='grc' dir='ltr'><strong>γὰρ</strong></span> <span class='ocrx_word' id='word_1_67' title='bbox 1088 904 1248 980; x_wconf 78' lang='lat' dir='ltr'><strong>particulae</strong></span> <span class='ocrx_word' id='word_1_68' title='bbox 1262 906 1354 981; x_wconf 82' lang='lat' dir='ltr'><strong>aigni·</strong></span> 
     </span>
     <span class='ocr_line' id='line_1_9' title="bbox 308 926 1355 1068; baseline 0.002 -22"><span class='ocrx_word' id='word_1_69' title='bbox 308 926 484 1048; x_wconf 73' lang='lat' dir='ltr'><strong>doctiorem.</strong></span> <span class='ocrx_word' id='word_1_70' title='bbox 527 988 626 1068; x_wconf 83' lang='lat' dir='ltr'><strong>Quom</strong></span> <span class='ocrx_word' id='word_1_71' title='bbox 647 991 725 1048; x_wconf 87' lang='lat' dir='ltr'><strong>anim</strong></span> <span class='ocrx_word' id='word_1_72' title='bbox 746 991 891 1048; x_wconf 90' lang='lat' dir='ltr'><strong>cotidiana</strong></span> <span class='ocrx_word' id='word_1_73' title='bbox 912 989 1053 1064; x_wconf 83' lang='lat' dir='ltr'><strong>loquendi</strong></span> <span class='ocrx_word' id='word_1_74' title='bbox 1070 988 1278 1049; x_wconf 80' lang='lat' dir='ltr'><strong>consuetudine</strong></span> <span class='ocrx_word' id='word_1_75' title='bbox 1293 1008 1355 1048; x_wconf 89' lang='lat' dir='ltr'><strong>non</strong></span> 
     </span>
     <span class='ocr_line' id='line_1_10' title="bbox 309 1071 1432 1149; baseline 0 -17"><span class='ocrx_word' id='word_1_76' title='bbox 309 1072 423 1132; x_wconf 75' lang='lat' dir='ltr'><strong>sublata</strong></span> <span class='ocrx_word' id='word_1_77' title='bbox 453 1071 570 1149; x_wconf 86' lang='lat' dir='ltr'><strong>qnidam</strong></span> <span class='ocrx_word' id='word_1_78' title='bbox 601 1094 633 1131; x_wconf 90' lang='lat' dir='ltr'><strong>ac</strong></span> <span class='ocrx_word' id='word_1_79' title='bbox 663 1073 773 1149; x_wconf 87' lang='lat' dir='ltr'><strong>deleta,</strong></span> <span class='ocrx_word' id='word_1_80' title='bbox 805 1073 857 1132; x_wconf 84' lang='lat' dir='ltr'><strong>sed</strong></span> <span class='ocrx_word' id='word_1_81' title='bbox 888 1083 985 1132; x_wconf 85' lang='lat' dir='ltr'><strong>tamen</strong></span> <span class='ocrx_word' id='word_1_82' title='bbox 1015 1072 1169 1132; x_wconf 75' lang='lat' dir='ltr'><strong>adtenuata</strong></span> <span class='ocrx_word' id='word_1_83' title='bbox 1194 1079 1280 1148; x_wconf 81' lang='lat' dir='ltr'><strong>atque</strong></span> <span class='ocrx_word' id='word_1_84' title='bbox 1304 1073 1355 1133; x_wconf 81' lang='lat' dir='ltr'><strong>ob·</strong></span> <span class='ocrx_word' id='word_1_85' title='bbox 1428 1081 1432 1084; x_wconf 83' lang='grc'><strong>’</strong></span> 
     </span>
    </p>
   </div>
   <div class='ocr_carea' id='block_1_3' title="bbox 116 1153 1354 1239">
    <p class='ocr_par' dir='ltr' id='par_1_4' title="bbox 116 1153 1354 1239">
     <span class='ocr_line' id='line_1_11' title="bbox 116 1153 1354 1239; baseline -0.003 -21"><span class='ocrx_word' id='word_1_86' title='bbox 116 1153 120 1162; x_wconf 84' lang='grc'>’</span> <span class='ocrx_word' id='word_1_87' title='bbox 231 1223 234 1239; x_wconf 42' lang='grc' dir='ltr'>Ι</span> <span class='ocrx_word' id='word_1_88' title='bbox 308 1166 424 1218; x_wconf 81' lang='lat' dir='ltr'><strong>acurata</strong></span> <span class='ocrx_word' id='word_1_89' title='bbox 446 1164 523 1216; x_wconf 84' lang='lat' dir='ltr'><strong>essct</strong></span> <span class='ocrx_word' id='word_1_90' title='bbox 543 1155 706 1216; x_wconf 81' lang='lat' dir='ltr'><strong>conclusiva</strong></span> <span class='ocrx_word' id='word_1_91' title='bbox 726 1156 885 1232; x_wconf 77' lang='lat' dir='ltr'><strong>particulae</strong></span> <span class='ocrx_word' id='word_1_92' title='bbox 906 1159 970 1232; x_wconf 79' lang='lat' dir='ltr'><strong>vis,</strong></span> <span class='ocrx_word' id='word_1_93' title='bbox 993 1177 1031 1217; x_wconf 86' lang='lat' dir='ltr'><strong>na</strong></span> <span class='ocrx_word' id='word_1_94' title='bbox 1054 1155 1125 1216; x_wconf 72' lang='lat' dir='ltr'><strong>llaec</strong></span> <span class='ocrx_word' id='word_1_95' title='bbox 1145 1177 1265 1230; x_wconf 82' lang='lat' dir='ltr'><strong>prorsus</strong></span> <span class='ocrx_word' id='word_1_96' title='bbox 1287 1177 1354 1216; x_wconf 78' lang='lat' dir='ltr'><strong>eva·</strong></span> 
     </span>
    </p>
   </div>
   <div class='ocr_carea' id='block_1_4' title="bbox 253 1229 1391 4155">
    <p class='ocr_par' dir='ltr' id='par_1_5' title="bbox 253 1229 1391 3514">
     <span class='ocr_line' id='line_1_12' title="bbox 309 1229 1356 1322; baseline -0.001 -24"><span class='ocrx_word' id='word_1_97' title='bbox 309 1249 456 1315; x_wconf 79' lang='lat' dir='ltr'><strong>nosceret,</strong></span> <span class='ocrx_word' id='word_1_98' title='bbox 481 1238 576 1300; x_wconf 82' lang='lat' dir='ltr'><strong>denuo</strong></span> <span class='ocrx_word' id='word_1_99' title='bbox 598 1239 731 1299; x_wconf 88' lang='lat' dir='ltr'><strong>adiuncta</strong></span> <span class='ocrx_word' id='word_1_100' title='bbox 752 1241 894 1316; x_wconf 88' lang='lat' dir='ltr'><strong>particula</strong></span> <span class='ocrx_word' id='word_1_101' title='bbox 916 1229 981 1322; x_wconf 77' lang='grc' dir='ltr'><strong>όρα</strong></span> <span class='ocrx_word' id='word_1_102' title='bbox 1008 1247 1070 1316; x_wconf 82' lang='lat' dir='ltr'><strong>cat,</strong></span> <span class='ocrx_word' id='word_1_103' title='bbox 1094 1261 1169 1316; x_wconf 88' lang='lat' dir='ltr'><strong>qnae</strong></span> <span class='ocrx_word' id='word_1_104' title='bbox 1192 1242 1252 1298; x_wconf 89' lang='lat' dir='ltr'><strong>iam</strong></span> <span class='ocrx_word' id='word_1_105' title='bbox 1272 1240 1356 1298; x_wconf 91' lang='lat' dir='ltr'><strong>latuit</strong></span> 
     </span>
     <span class='ocr_line' id='line_1_13' title="bbox 310 1318 1354 1409; baseline -0.001 -27"><span class='ocrx_word' id='word_1_106' title='bbox 310 1320 342 1382; x_wconf 88' lang='lat' dir='ltr'><strong>in</strong></span> <span class='ocrx_word' id='word_1_107' title='bbox 364 1323 507 1399; x_wconf 88' lang='lat' dir='ltr'><strong>particula</strong></span> <span class='ocrx_word' id='word_1_108' title='bbox 527 1318 602 1406; x_wconf 80' lang='grc' dir='ltr'><strong>γάρ.</strong></span> <span class='ocrx_word' id='word_1_109' title='bbox 645 1322 681 1385; x_wconf 89' lang='lat' dir='ltr'><strong>ln</strong></span> <span class='ocrx_word' id='word_1_110' title='bbox 706 1323 751 1384; x_wconf 80' lang='lat' dir='ltr'><strong>lrie</strong></span> <span class='ocrx_word' id='word_1_111' title='bbox 773 1333 870 1384; x_wconf 85' lang='lat' dir='ltr'><strong>autem</strong></span> <span class='ocrx_word' id='word_1_112' title='bbox 890 1325 963 1386; x_wconf 77' lang='lat' dir='ltr'><strong>looia</strong></span> <span class='ocrx_word' id='word_1_113' title='bbox 985 1346 1075 1400; x_wconf 87' lang='lat' dir='ltr'><strong>quom</strong></span> <span class='ocrx_word' id='word_1_114' title='bbox 1098 1319 1161 1409; x_wconf 74' lang='grc' dir='ltr'><strong>γὰρ</strong></span> <span class='ocrx_word' id='word_1_115' title='bbox 1184 1332 1295 1400; x_wconf 76' lang='lat' dir='ltr'><strong>spectet</strong></span> <span class='ocrx_word' id='word_1_116' title='bbox 1317 1321 1354 1382; x_wconf 89' lang='lat' dir='ltr'><strong>ad</strong></span> 
     </span>
     <span class='ocr_line' id='line_1_14' title="bbox 311 1395 1354 1492; baseline 0.001 -27"><span class='ocrx_word' id='word_1_117' title='bbox 311 1428 428 1467; x_wconf 86' lang='lat' dir='ltr'><strong>omnem</strong></span> <span class='ocrx_word' id='word_1_118' title='bbox 453 1412 644 1483; x_wconf 74' lang='lat' dir='ltr'><strong>sententiam,</strong></span> <span class='ocrx_word' id='word_1_119' title='bbox 675 1395 741 1492; x_wconf 76' lang='grc' dir='ltr'><strong>όρα</strong></span> <span class='ocrx_word' id='word_1_120' title='bbox 769 1411 867 1484; x_wconf 85' lang='lat' dir='ltr'><strong>potina</strong></span> <span class='ocrx_word' id='word_1_121' title='bbox 892 1408 930 1467; x_wconf 92' lang='lat' dir='ltr'><strong>ad</strong></span> <span class='ocrx_word' id='word_1_122' title='bbox 957 1410 1135 1484; x_wconf 80' lang='lat' dir='ltr'><strong>singularem</strong></span> <span class='ocrx_word' id='word_1_123' title='bbox 1162 1429 1262 1469; x_wconf 77' lang='lat' dir='ltr'><strong>rocem</strong></span> <span class='ocrx_word' id='word_1_124' title='bbox 1290 1427 1354 1482; x_wconf 86' lang='lat' dir='ltr'><strong>pcr-</strong></span> 
     </span>
     <span class='ocr_line' id='line_1_15' title="bbox 310 1487 1354 1569; baseline -0.005 -17"><span class='ocrx_word' id='word_1_125' title='bbox 310 1495 406 1552; x_wconf 85' lang='lat' dir='ltr'><strong>tinare</strong></span> <span class='ocrx_word' id='word_1_126' title='bbox 428 1491 553 1550; x_wconf 77' lang='lat' dir='ltr'><strong>ridetur.</strong></span> <span class='ocrx_word' id='word_1_127' title='bbox 596 1487 647 1550; x_wconf 88' lang='lat' dir='ltr'><strong>Sic</strong></span> <span class='ocrx_word' id='word_1_128' title='bbox 666 1494 698 1552; x_wconf 88' lang='lat' dir='ltr'><strong>in</strong></span> <span class='ocrx_word' id='word_1_129' title='bbox 720 1494 818 1568; x_wconf 91' lang='lat' dir='ltr'><strong>priore</strong></span> <span class='ocrx_word' id='word_1_130' title='bbox 838 1493 892 1552; x_wconf 92' lang='lat' dir='ltr'><strong>illo</strong></span> <span class='ocrx_word' id='word_1_131' title='bbox 912 1491 1044 1554; x_wconf 82' lang='lat' dir='ltr'><strong>Platonis</strong></span> <span class='ocrx_word' id='word_1_132' title='bbox 1064 1493 1143 1569; x_wconf 91' lang='lat' dir='ltr'><strong>loco,</strong></span> <span class='ocrx_word' id='word_1_133' title='bbox 1164 1494 1214 1552; x_wconf 85' lang='lat' dir='ltr'><strong>nbi</strong></span> <span class='ocrx_word' id='word_1_134' title='bbox 1236 1492 1354 1550; x_wconf 87' lang='lat' dir='ltr'><strong>dicitur:</strong></span> 
     </span>
     <span class='ocr_line' id='line_1_16' title="bbox 311 1563 1355 1660; baseline 0 -24"><span class='ocrx_word' id='word_1_135' title='bbox 311 1571 406 1640; x_wconf 84' lang='grc' dir='ltr'><strong><em>Πολὺ</em></strong></span> <span class='ocrx_word' id='word_1_136' title='bbox 434 1571 497 1657; x_wconf 75' lang='grc' dir='ltr'><strong>γὰρ</strong></span> <span class='ocrx_word' id='word_1_137' title='bbox 525 1567 666 1652; x_wconf 85' lang='grc' dir='ltr'><strong><em>διμιίνιον</em></strong></span> <span class='ocrx_word' id='word_1_138' title='bbox 696 1563 763 1660; x_wconf 77' lang='grc' dir='ltr'><strong><em>ῦροι</em></strong></span> <span class='ocrx_word' id='word_1_139' title='bbox 790 1569 808 1638; x_wconf 87' lang='grc' dir='ltr'>ὁ</span> <span class='ocrx_word' id='word_1_140' title='bbox 838 1577 898 1638; x_wconf 90' lang='grc' dir='ltr'><strong><em>τοῦ</em></strong></span> <span class='ocrx_word' id='word_1_141' title='bbox 921 1567 1037 1639; x_wconf 84' lang='grc' dir='ltr'><strong><em>ἆδίκου</em></strong></span> <span class='ocrx_word' id='word_1_142' title='bbox 1059 1567 1080 1660; x_wconf 81' lang='grc' dir='ltr'>ἢ</span> <span class='ocrx_word' id='word_1_143' title='bbox 1103 1569 1121 1639; x_wconf 86' lang='grc' dir='ltr'>ὁ</span> <span class='ocrx_word' id='word_1_144' title='bbox 1143 1577 1202 1639; x_wconf 90' lang='grc' dir='ltr'><strong><em>τοῦ</em></strong></span> <span class='ocrx_word' id='word_1_145' title='bbox 1224 1572 1355 1638; x_wconf 78' lang='grc' dir='ltr'><strong><em>δικαίου</em></strong></span> 
     </span>
     <span class='ocr_line' id='line_1_17' title="bbox 310 1653 1355 1744; baseline -0.003 -23"><span class='ocrx_word' id='word_1_146' title='bbox 310 1653 402 1740; x_wconf 72' lang='grc' dir='ltr'><strong><em>βίος,</em></strong></span> <span class='ocrx_word' id='word_1_147' title='bbox 432 1661 514 1733; x_wconf 81' lang='lat' dir='ltr'><strong>priua</strong></span> <span class='ocrx_word' id='word_1_148' title='bbox 542 1658 616 1717; x_wconf 91' lang='lat' dir='ltr'><strong>illud</strong></span> <span class='ocrx_word' id='word_1_149' title='bbox 649 1654 712 1744; x_wconf 78' lang='grc' dir='ltr'><strong>γὰρ</strong></span> <span class='ocrx_word' id='word_1_150' title='bbox 740 1659 855 1720; x_wconf 80' lang='lat' dir='ltr'><strong>deducit</strong></span> <span class='ocrx_word' id='word_1_151' title='bbox 882 1681 998 1720; x_wconf 88' lang='lat' dir='ltr'><strong>omnem</strong></span> <span class='ocrx_word' id='word_1_152' title='bbox 1021 1659 1097 1720; x_wconf 87' lang='lat' dir='ltr'><strong>hanc</strong></span> <span class='ocrx_word' id='word_1_153' title='bbox 1117 1662 1290 1720; x_wconf 76' lang='lat' dir='ltr'><strong>senteutiam</strong></span> <span class='ocrx_word' id='word_1_154' title='bbox 1315 1678 1355 1718; x_wconf 85' lang='lat' dir='ltr'><strong>ax</strong></span> 
     </span>
     <span class='ocr_line' id='line_1_18' title="bbox 311 1731 1355 1824; baseline 0.003 -22"><span class='ocrx_word' id='word_1_155' title='bbox 311 1744 366 1816; x_wconf 81' lang='lat' dir='ltr'><strong>iia,</strong></span> <span class='ocrx_word' id='word_1_156' title='bbox 389 1763 463 1817; x_wconf 87' lang='lat' dir='ltr'><strong>quae</strong></span> <span class='ocrx_word' id='word_1_157' title='bbox 485 1751 552 1800; x_wconf 85' lang='lat' dir='ltr'><strong>anto</strong></span> <span class='ocrx_word' id='word_1_158' title='bbox 573 1745 668 1816; x_wconf 75' lang='lat' dir='ltr'><strong>posita</strong></span> <span class='ocrx_word' id='word_1_159' title='bbox 691 1751 772 1818; x_wconf 85' lang='lat' dir='ltr'><strong>snut,</strong></span> <span class='ocrx_word' id='word_1_160' title='bbox 793 1741 868 1802; x_wconf 91' lang='lat' dir='ltr'><strong>illud</strong></span> <span class='ocrx_word' id='word_1_161' title='bbox 892 1757 1004 1818; x_wconf 84' lang='lat' dir='ltr'><strong>autem,</strong></span> <span class='ocrx_word' id='word_1_162' title='bbox 1029 1743 1107 1818; x_wconf 89' lang='lat' dir='ltr'><strong>quod</strong></span> <span class='ocrx_word' id='word_1_163' title='bbox 1125 1747 1265 1818; x_wconf 83' lang='lat' dir='ltr'><strong>sequitur,</strong></span> <span class='ocrx_word' id='word_1_164' title='bbox 1290 1731 1355 1824; x_wconf 69' lang='lat' dir='ltr'><strong>doct</strong></span> 
     </span>
     <span class='ocr_line' id='line_1_19' title="bbox 312 1825 1356 1902; baseline -0.003 -16"><span class='ocrx_word' id='word_1_165' title='bbox 312 1825 397 1886; x_wconf 81' lang='lat' dir='ltr'><strong>affert</strong></span> <span class='ocrx_word' id='word_1_166' title='bbox 425 1827 456 1884; x_wconf 92' lang='lat' dir='ltr'><strong>id</strong></span> <span class='ocrx_word' id='word_1_167' title='bbox 481 1829 597 1900; x_wconf 80' lang='lat' dir='ltr'><strong>ipsum,</strong></span> <span class='ocrx_word' id='word_1_168' title='bbox 628 1825 704 1901; x_wconf 88' lang='lat' dir='ltr'><strong>quod</strong></span> <span class='ocrx_word' id='word_1_169' title='bbox 729 1829 760 1885; x_wconf 91' lang='lat' dir='ltr'><strong>in</strong></span> <span class='ocrx_word' id='word_1_170' title='bbox 790 1826 844 1886; x_wconf 83' lang='lat' dir='ltr'><strong>lrac</strong></span> <span class='ocrx_word' id='word_1_171' title='bbox 867 1827 1069 1886; x_wconf 82' lang='lat' dir='ltr'><strong>adfirmatione</strong></span> <span class='ocrx_word' id='word_1_172' title='bbox 1093 1828 1219 1902; x_wconf 82' lang='lat' dir='ltr'><strong>deniqne</strong></span> <span class='ocrx_word' id='word_1_173' title='bbox 1241 1827 1356 1885; x_wconf 88' lang='lat' dir='ltr'><strong>conclu·</strong></span> 
     </span>
     <span class='ocr_line' id='line_1_20' title="bbox 280 1907 1357 1988; baseline 0 -20"><span class='ocrx_word' id='word_1_174' title='bbox 280 1925 289 1934; x_wconf 81' lang='grc'><strong>“</strong></span> <span class='ocrx_word' id='word_1_175' title='bbox 312 1912 394 1968; x_wconf 80' lang='lat' dir='ltr'><strong>aione</strong></span> <span class='ocrx_word' id='word_1_176' title='bbox 417 1907 557 1984; x_wconf 85' lang='lat' dir='ltr'><strong>afficitur,</strong></span> <span class='ocrx_word' id='word_1_177' title='bbox 580 1913 662 1984; x_wconf 79' lang='lat' dir='ltr'><strong>quasi</strong></span> <span class='ocrx_word' id='word_1_178' title='bbox 683 1919 782 1988; x_wconf 83' lang='lat' dir='ltr'><strong>nostra</strong></span> <span class='ocrx_word' id='word_1_179' title='bbox 804 1911 905 1986; x_wconf 80' lang='lat' dir='ltr'><strong>lingua</strong></span> <span class='ocrx_word' id='word_1_180' title='bbox 928 1914 1023 1971; x_wconf 78' lang='lat' dir='ltr'><strong>dicar:</strong></span> <span class='ocrx_word' id='word_1_181' title='bbox 1050 1911 1110 1968; x_wconf 78' lang='lat' dir='ltr'><strong>l&#39;tal</strong></span> <span class='ocrx_word' id='word_1_182' title='bbox 1129 1909 1357 1968; x_wconf 76' lang='lat' dir='ltr'><strong>bassarodmliolr</strong></span> 
     </span>
     <span class='ocr_line' id='line_1_21' title="bbox 311 1967 1354 2071; baseline -0.007 -17"><span class='ocrx_word' id='word_1_183' title='bbox 311 1998 350 2054; x_wconf 79' lang='lat' dir='ltr'><strong>iat</strong></span> <span class='ocrx_word' id='word_1_184' title='bbox 372 1993 554 2052; x_wconf 77' lang='lat' dir='ltr'><strong>aouoolr&#39;dua</strong></span> <span class='ocrx_word' id='word_1_185' title='bbox 579 1991 672 2052; x_wconf 79' lang='lat' dir='ltr'><strong>Ladan</strong></span> <span class='ocrx_word' id='word_1_186' title='bbox 695 1994 743 2052; x_wconf 84' lang='lat' dir='ltr'><strong>dea</strong></span> <span class='ocrx_word' id='word_1_187' title='bbox 769 1967 957 2071; x_wconf 70' lang='lat' dir='ltr'><strong>Uapcrecltiea</strong></span> <span class='ocrx_word' id='word_1_188' title='bbox 980 1995 1025 2053; x_wconf 82' lang='lat' dir='ltr'><strong>ula</strong></span> <span class='ocrx_word' id='word_1_189' title='bbox 1048 1994 1101 2051; x_wconf 83' lang='lat' dir='ltr'><strong>dua</strong></span> <span class='ocrx_word' id='word_1_190' title='bbox 1124 1993 1172 2050; x_wconf 81' lang='lat' dir='ltr'><strong>dea</strong></span> <span class='ocrx_word' id='word_1_191' title='bbox 1195 1993 1354 2055; x_wconf 78' lang='lat' dir='ltr'><strong>Gereclrtco.</strong></span> 
     </span>
     <span class='ocr_line' id='line_1_22' title="bbox 310 2073 1355 2152; baseline -0.005 -16"><span class='ocrx_word' id='word_1_192' title='bbox 310 2075 416 2152; x_wconf 85' lang='lat' dir='ltr'><strong>ltaque</strong></span> <span class='ocrx_word' id='word_1_193' title='bbox 441 2076 675 2136; x_wconf 72' lang='lat' dir='ltr'><strong>existumandnrn</strong></span> <span class='ocrx_word' id='word_1_194' title='bbox 703 2086 749 2138; x_wconf 80' lang='lat' dir='ltr'><strong>eat</strong></span> <span class='ocrx_word' id='word_1_195' title='bbox 771 2081 860 2139; x_wconf 90' lang='lat' dir='ltr'><strong>etiam</strong></span> <span class='ocrx_word' id='word_1_196' title='bbox 887 2078 922 2136; x_wconf 88' lang='lat' dir='ltr'><strong>de</strong></span> <span class='ocrx_word' id='word_1_197' title='bbox 944 2077 1066 2151; x_wconf 82' lang='lat' dir='ltr'><strong>reliquie</strong></span> <span class='ocrx_word' id='word_1_198' title='bbox 1091 2077 1181 2150; x_wconf 80' lang='lat' dir='ltr'><strong>locis,</strong></span> <span class='ocrx_word' id='word_1_199' title='bbox 1212 2093 1286 2150; x_wconf 83' lang='grc' dir='ltr'><strong><em>ιμιοι</em></strong></span> <span class='ocrx_word' id='word_1_200' title='bbox 1304 2073 1355 2131; x_wconf 93' lang='lat' dir='ltr'><strong>ad·</strong></span> 
     </span>
     <span class='ocr_line' id='line_1_23' title="bbox 312 2155 1355 2237; baseline -0.004 -18"><span class='ocrx_word' id='word_1_201' title='bbox 312 2161 380 2219; x_wconf 87' lang='lat' dir='ltr'><strong>tulit</strong></span> <span class='ocrx_word' id='word_1_202' title='bbox 402 2157 596 2237; x_wconf 79' lang='lat' dir='ltr'><strong>llartnngiua.</strong></span> <span class='ocrx_word' id='word_1_203' title='bbox 636 2155 715 2222; x_wconf 86' lang='lat' dir='ltr'><strong>Nam</strong></span> <span class='ocrx_word' id='word_1_204' title='bbox 738 2163 770 2220; x_wconf 91' lang='lat' dir='ltr'><strong>in</strong></span> <span class='ocrx_word' id='word_1_205' title='bbox 794 2164 926 2222; x_wconf 79' lang='lat' dir='ltr'><strong>Convicio</strong></span> <span class='ocrx_word' id='word_1_206' title='bbox 948 2160 1079 2218; x_wconf 76' lang='lat' dir='ltr'><strong>Platonis</strong></span> <span class='ocrx_word' id='word_1_207' title='bbox 1098 2158 1175 2218; x_wconf 86' lang='lat' dir='ltr'><strong>Part.</strong></span> <span class='ocrx_word' id='word_1_208' title='bbox 1190 2157 1228 2217; x_wconf 91' lang='lat' dir='ltr'><strong>ll.</strong></span> <span class='ocrx_word' id='word_1_209' title='bbox 1242 2159 1299 2215; x_wconf 80' lang='lat' dir='ltr'><strong>vol.</strong></span> <span class='ocrx_word' id='word_1_210' title='bbox 1314 2155 1355 2216; x_wconf 87' lang='lat' dir='ltr'><strong>ll.</strong></span> 
     </span>
     <span class='ocr_line' id='line_1_24' title="bbox 311 2241 1357 2322; baseline -0.003 -20"><span class='ocrx_word' id='word_1_211' title='bbox 311 2265 343 2322; x_wconf 85' lang='lat' dir='ltr'><strong>p.</strong></span> <span class='ocrx_word' id='word_1_212' title='bbox 365 2249 437 2304; x_wconf 60' lang='lat'><strong>43³2</strong></span> <span class='ocrx_word' id='word_1_213' title='bbox 460 2246 506 2304; x_wconf 88' lang='lat' dir='ltr'><strong>ad.</strong></span> <span class='ocrx_word' id='word_1_214' title='bbox 530 2243 628 2305; x_wconf 70' lang='lat' dir='ltr'><strong>Beth.</strong></span> <span class='ocrx_word' id='word_1_215' title='bbox 650 2267 678 2321; x_wconf 84' lang='lat' dir='ltr'><strong>p.</strong></span> <span class='ocrx_word' id='word_1_216' title='bbox 701 2247 771 2306; x_wconf 79' lang='lat'><strong>205.</strong></span> <span class='ocrx_word' id='word_1_217' title='bbox 791 2243 830 2303; x_wconf 93' lang='lat' dir='ltr'><strong>B.</strong></span> <span class='ocrx_word' id='word_1_218' title='bbox 852 2244 897 2302; x_wconf 91' lang='lat' dir='ltr'><strong>ed.</strong></span> <span class='ocrx_word' id='word_1_219' title='bbox 920 2243 962 2302; x_wconf 89' lang='grc' dir='ltr'><strong>Η.</strong></span> <span class='ocrx_word' id='word_1_220' title='bbox 983 2241 1103 2319; x_wconf 58' lang='lat' dir='ltr'><strong>Steph„</strong></span> <span class='ocrx_word' id='word_1_221' title='bbox 1133 2243 1184 2302; x_wconf 89' lang='lat' dir='ltr'><strong>ubi</strong></span> <span class='ocrx_word' id='word_1_222' title='bbox 1212 2241 1286 2302; x_wconf 80' lang='lat' dir='ltr'><strong>lracc</strong></span> <span class='ocrx_word' id='word_1_223' title='bbox 1312 2241 1357 2300; x_wconf 88' lang='lat' dir='ltr'><strong>le·</strong></span> 
     </span>
     <span class='ocr_line' id='line_1_25' title="bbox 313 2314 1357 2412; baseline -0.001 -24"><span class='ocrx_word' id='word_1_224' title='bbox 313 2339 436 2407; x_wconf 68' lang='lat' dir='ltr'><strong>guntur:</strong></span> <span class='ocrx_word' id='word_1_225' title='bbox 473 2320 577 2391; x_wconf 74' lang='grc' dir='ltr'><strong>Ἀλλὰ</strong></span> <span class='ocrx_word' id='word_1_226' title='bbox 616 2325 647 2401; x_wconf 71' lang='lat' dir='ltr'><strong>tr)</strong></span> <span class='ocrx_word' id='word_1_227' title='bbox 677 2317 842 2403; x_wconf 75' lang='grc' dir='ltr'><strong><em>θαύμαζ’,</em></strong></span> <span class='ocrx_word' id='word_1_228' title='bbox 872 2320 955 2412; x_wconf 70' lang='grc' dir='ltr'><strong>ἔφη’</strong></span> <span class='ocrx_word' id='word_1_229' title='bbox 987 2321 1169 2412; x_wconf 79' lang='grc' dir='ltr'><em>ἀφελόντες</em></span> <span class='ocrx_word' id='word_1_230' title='bbox 1197 2320 1260 2408; x_wconf 77' lang='grc' dir='ltr'><strong>γὰρ</strong></span> <span class='ocrx_word' id='word_1_231' title='bbox 1289 2314 1357 2407; x_wconf 83' lang='grc' dir='ltr'><strong><em>ῦίρα</em></strong></span> 
     </span>
     <span class='ocr_line' id='line_1_26' title="bbox 312 2349 1358 2494; baseline -0.005 -19"><span class='ocrx_word' id='word_1_232' title='bbox 312 2411 372 2475; x_wconf 83' lang='grc' dir='ltr'><strong><em>τοῦ</em></strong></span> <span class='ocrx_word' id='word_1_233' title='bbox 392 2404 514 2494; x_wconf 75' lang='grc' dir='ltr'><strong><em>ἔρωτός</em></strong></span> <span class='ocrx_word' id='word_1_234' title='bbox 531 2433 564 2475; x_wconf 94' lang='grc' dir='ltr'><strong>τι</strong></span> <span class='ocrx_word' id='word_1_235' title='bbox 583 2349 672 2486; x_wconf 68' lang='lat' dir='ltr'><strong>aidus</strong></span> <span class='ocrx_word' id='word_1_236' title='bbox 690 2402 903 2488; x_wconf 80' lang='grc' dir='ltr'><strong><em>ὀνομάζομεν,</em></strong></span> <span class='ocrx_word' id='word_1_237' title='bbox 921 2407 958 2473; x_wconf 80' lang='lat' dir='ltr'><strong>cd</strong></span> <span class='ocrx_word' id='word_1_238' title='bbox 979 2411 1038 2474; x_wconf 88' lang='grc' dir='ltr'><strong><em>τοῦ</em></strong></span> <span class='ocrx_word' id='word_1_239' title='bbox 1052 2403 1134 2474; x_wconf 77' lang='lat' dir='ltr'><strong>dion</strong></span> <span class='ocrx_word' id='word_1_240' title='bbox 1150 2403 1358 2482; x_wconf 68' lang='grc' dir='ltr'><strong><em>ἐπιτιθέντος</em></strong></span> 
     </span>
     <span class='ocr_line' id='line_1_27' title="bbox 313 2483 1358 2577; baseline -0.007 -18"><span class='ocrx_word' id='word_1_241' title='bbox 313 2484 437 2572; x_wconf 68' lang='grc' dir='ltr'><strong><em>ὄνομα,</em></strong></span> <span class='ocrx_word' id='word_1_242' title='bbox 460 2485 581 2577; x_wconf 70' lang='grc' dir='ltr'><strong><em>ἔρωτα,</em></strong></span> <span class='ocrx_word' id='word_1_243' title='bbox 602 2491 644 2557; x_wconf 88' lang='grc' dir='ltr'><strong><em>τὰ</em></strong></span> <span class='ocrx_word' id='word_1_244' title='bbox 666 2489 703 2557; x_wconf 80' lang='grc' dir='ltr'><strong>δὲ</strong></span> <span class='ocrx_word' id='word_1_245' title='bbox 725 2483 810 2576; x_wconf 61' lang='grc' dir='ltr'><strong>ἄλλα</strong></span> <span class='ocrx_word' id='word_1_246' title='bbox 832 2486 948 2570; x_wconf 66' lang='grc' dir='ltr'><strong><em>ἅλλοις</em></strong></span> <span class='ocrx_word' id='word_1_247' title='bbox 969 2485 1214 2577; x_wconf 72' lang='grc' dir='ltr'><strong><em>κατοχριόμεῦα</em></strong></span> <span class='ocrx_word' id='word_1_248' title='bbox 1235 2484 1358 2571; x_wconf 84' lang='grc' dir='ltr'><strong><em>ὀνόμα-</em></strong></span> 
     </span>
     <span class='ocr_line' id='line_1_28' title="bbox 314 2575 1356 2654; baseline -0.012 -10"><span class='ocrx_word' id='word_1_249' title='bbox 314 2599 393 2654; x_wconf 74' lang='grc' dir='ltr'><strong><em>σαι,</em></strong></span> <span class='ocrx_word' id='word_1_250' title='bbox 420 2577 477 2638; x_wconf 83' lang='grc' dir='ltr'><strong><em>Ιιοο</em></strong></span> <span class='ocrx_word' id='word_1_251' title='bbox 500 2579 564 2639; x_wconf 82' lang='lat' dir='ltr'><strong>iere</strong></span> <span class='ocrx_word' id='word_1_252' title='bbox 590 2577 711 2637; x_wconf 84' lang='lat' dir='ltr'><strong>dicitur:</strong></span> <span class='ocrx_word' id='word_1_253' title='bbox 739 2578 815 2636; x_wconf 75' lang='lat' dir='ltr'><strong>Abeo</strong></span> <span class='ocrx_word' id='word_1_254' title='bbox 835 2580 968 2638; x_wconf 71' lang='lat' dir='ltr'><strong>werdere</strong></span> <span class='ocrx_word' id='word_1_255' title='bbox 988 2579 1052 2638; x_wconf 79' lang='lat' dir='ltr'><strong>dicio</strong></span> <span class='ocrx_word' id='word_1_256' title='bbox 1073 2580 1166 2650; x_wconf 75' lang='grc' dir='ltr'><strong><em>οἱαίιί,</em></strong></span> <span class='ocrx_word' id='word_1_257' title='bbox 1191 2575 1296 2654; x_wconf 78' lang='grc' dir='ltr'><strong><em>ιρνοτῦ</em></strong></span> <span class='ocrx_word' id='word_1_258' title='bbox 1316 2591 1356 2645; x_wconf 79' lang='grc' dir='ltr'><strong>τι,</strong></span> 
     </span>
     <span class='ocr_line' id='line_1_29' title="bbox 313 2661 1358 2730; baseline -0.005 -7"><span class='ocrx_word' id='word_1_259' title='bbox 313 2667 370 2723; x_wconf 76' lang='lat' dir='ltr'><strong>acic</strong></span> <span class='ocrx_word' id='word_1_260' title='bbox 389 2663 505 2722; x_wconf 75' lang='lat' dir='ltr'><strong>aelmon</strong></span> <span class='ocrx_word' id='word_1_261' title='bbox 527 2664 651 2723; x_wconf 75' lang='lat' dir='ltr'><strong>odorlici</strong></span> <span class='ocrx_word' id='word_1_262' title='bbox 670 2670 752 2721; x_wconf 82' lang='lat' dir='ltr'><strong>calar</strong></span> <span class='ocrx_word' id='word_1_263' title='bbox 773 2663 885 2723; x_wconf 80' lang='lat' dir='ltr'><strong>aololao</strong></span> <span class='ocrx_word' id='word_1_264' title='bbox 911 2663 1084 2724; x_wconf 78' lang='lat' dir='ltr'><strong>Uocetcirdcu</strong></span> <span class='ocrx_word' id='word_1_265' title='bbox 1105 2661 1193 2730; x_wconf 84' lang='lat' dir='ltr'><strong>(alac)</strong></span> <span class='ocrx_word' id='word_1_266' title='bbox 1218 2663 1276 2719; x_wconf 79' lang='lat' dir='ltr'><strong>ciue</strong></span> <span class='ocrx_word' id='word_1_267' title='bbox 1296 2663 1358 2718; x_wconf 81' lang='lat' dir='ltr'><strong>aio-</strong></span> 
     </span>
     <span class='ocr_line' id='line_1_30' title="bbox 314 2738 1358 2823; baseline -0.008 -16"><span class='ocrx_word' id='word_1_268' title='bbox 314 2747 393 2807; x_wconf 68' lang='lat' dir='ltr'><strong>utta</strong></span> <span class='ocrx_word' id='word_1_269' title='bbox 413 2747 605 2823; x_wconf 76' lang='grc' dir='ltr'><strong><em>Ενκοίιιίοαομ</em></strong></span> <span class='ocrx_word' id='word_1_270' title='bbox 628 2746 677 2805; x_wconf 84' lang='lat' dir='ltr'><strong>der</strong></span> <span class='ocrx_word' id='word_1_271' title='bbox 699 2746 785 2804; x_wconf 66' lang='lat' dir='ltr'><strong>Idola</strong></span> <span class='ocrx_word' id='word_1_272' title='bbox 807 2738 866 2806; x_wconf 81' lang='lat' dir='ltr'><strong>oud</strong></span> <span class='ocrx_word' id='word_1_273' title='bbox 888 2767 996 2806; x_wconf 80' lang='grc' dir='ltr'><strong><em>ααοιιοιι</em></strong></span> <span class='ocrx_word' id='word_1_274' title='bbox 1016 2751 1073 2817; x_wconf 80' lang='lat' dir='ltr'><strong>aia,</strong></span> <span class='ocrx_word' id='word_1_275' title='bbox 1102 2747 1149 2804; x_wconf 71' lang='lat' dir='ltr'><strong>ilar</strong></span> <span class='ocrx_word' id='word_1_276' title='bbox 1171 2745 1223 2802; x_wconf 85' lang='grc' dir='ltr'><strong><em>διο</em></strong></span> <span class='ocrx_word' id='word_1_277' title='bbox 1245 2745 1358 2800; x_wconf 72' lang='lat' dir='ltr'><strong>Numan</strong></span> 
     </span>
     <span class='ocr_line' id='line_1_31' title="bbox 314 2829 1359 2906; baseline -0.01 -14"><span class='ocrx_word' id='word_1_278' title='bbox 314 2831 364 2892; x_wconf 70' lang='lat' dir='ltr'><strong>de</strong></span> <span class='ocrx_word' id='word_1_279' title='bbox 385 2832 505 2890; x_wconf 80' lang='lat' dir='ltr'><strong>(iaozea</strong></span> <span class='ocrx_word' id='word_1_280' title='bbox 534 2830 688 2906; x_wconf 75' lang='lat' dir='ltr'><strong>bellapaad,</strong></span> <span class='ocrx_word' id='word_1_281' title='bbox 717 2830 817 2899; x_wconf 73' lang='lat' dir='ltr'><strong>lioba,</strong></span> <span class='ocrx_word' id='word_1_282' title='bbox 846 2836 885 2888; x_wconf 81' lang='lat' dir='ltr'><strong>im</strong></span> <span class='ocrx_word' id='word_1_283' title='bbox 908 2831 1044 2903; x_wconf 76' lang='lat' dir='ltr'><strong>Uelripea</strong></span> <span class='ocrx_word' id='word_1_284' title='bbox 1071 2829 1201 2886; x_wconf 81' lang='lat' dir='ltr'><strong>bedicnea</strong></span> <span class='ocrx_word' id='word_1_285' title='bbox 1230 2831 1285 2885; x_wconf 82' lang='lat' dir='ltr'><strong>wir</strong></span> <span class='ocrx_word' id='word_1_286' title='bbox 1304 2843 1359 2886; x_wconf 80' lang='lat' dir='ltr'><strong>noa</strong></span> 
     </span>
     <span class='ocr_line' id='line_1_32' title="bbox 315 2905 1358 2987; baseline -0.01 -14"><span class='ocrx_word' id='word_1_287' title='bbox 315 2913 435 2973; x_wconf 80' lang='lat' dir='ltr'><strong>nudarer</strong></span> <span class='ocrx_word' id='word_1_288' title='bbox 465 2913 637 2973; x_wconf 77' lang='lat' dir='ltr'><strong>Auadra&#39;iclra.</strong></span> <span class='ocrx_word' id='word_1_289' title='bbox 664 2965 667 2978; x_wconf 74' lang='lat'><em>,</em></span> <span class='ocrx_word' id='word_1_290' title='bbox 690 2910 726 2969; x_wconf 90' lang='lat' dir='ltr'><strong>ln</strong></span> <span class='ocrx_word' id='word_1_291' title='bbox 760 2915 920 2987; x_wconf 64' lang='lat' dir='ltr'><strong>Protagora</strong></span> <span class='ocrx_word' id='word_1_292' title='bbox 948 2919 1045 2969; x_wconf 82' lang='lat' dir='ltr'><strong>antem</strong></span> <span class='ocrx_word' id='word_1_293' title='bbox 1076 2908 1154 2970; x_wconf 83' lang='lat' dir='ltr'><strong>Part.</strong></span> <span class='ocrx_word' id='word_1_294' title='bbox 1186 2907 1211 2968; x_wconf 88' lang='lat' dir='ltr'><strong>l.</strong></span> <span class='ocrx_word' id='word_1_295' title='bbox 1243 2909 1302 2968; x_wconf 81' lang='lat' dir='ltr'><strong>vol.</strong></span> <span class='ocrx_word' id='word_1_296' title='bbox 1332 2905 1358 2964; x_wconf 88' lang='lat' dir='ltr'><strong>l.</strong></span> 
     </span>
     <span class='ocr_line' id='line_1_33' title="bbox 315 2991 1358 3072; baseline -0.003 -19"><span class='ocrx_word' id='word_1_297' title='bbox 315 3015 347 3072; x_wconf 85' lang='lat' dir='ltr'><strong>p.</strong></span> <span class='ocrx_word' id='word_1_298' title='bbox 371 2999 440 3054; x_wconf 82' lang='grc'><strong>161.</strong></span> <span class='ocrx_word' id='word_1_299' title='bbox 463 2996 509 3056; x_wconf 85' lang='lat' dir='ltr'><strong>ad.</strong></span> <span class='ocrx_word' id='word_1_300' title='bbox 527 2992 626 3054; x_wconf 80' lang='lat' dir='ltr'><strong>Bekk.</strong></span> <span class='ocrx_word' id='word_1_301' title='bbox 650 3015 680 3069; x_wconf 88' lang='lat' dir='ltr'><strong>p.</strong></span> <span class='ocrx_word' id='word_1_302' title='bbox 706 2995 777 3052; x_wconf 76' lang='lat'>³15.</span> <span class='ocrx_word' id='word_1_303' title='bbox 799 2991 833 3053; x_wconf 84' lang='lat' dir='ltr'><strong>G.</strong></span> <span class='ocrx_word' id='word_1_304' title='bbox 854 2995 899 3054; x_wconf 85' lang='lat' dir='ltr'><strong>ed.</strong></span> <span class='ocrx_word' id='word_1_305' title='bbox 917 2991 959 3056; x_wconf 87' lang='grc' dir='ltr'><strong>Η.</strong></span> <span class='ocrx_word' id='word_1_306' title='bbox 979 2992 1101 3070; x_wconf 85' lang='lat' dir='ltr'><strong>Steph.,</strong></span> <span class='ocrx_word' id='word_1_307' title='bbox 1129 3011 1305 3068; x_wconf 75' lang='lat' dir='ltr'><strong>qrramqnam</strong></span> <span class='ocrx_word' id='word_1_308' title='bbox 1331 2991 1358 3050; x_wconf 82' lang='lat' dir='ltr'><strong>ia</strong></span> 
     </span>
     <span class='ocr_line' id='line_1_34' title="bbox 314 3071 1359 3155; baseline -0.006 -17"><span class='ocrx_word' id='word_1_309' title='bbox 314 3079 396 3138; x_wconf 81' lang='lat' dir='ltr'><strong>locun</strong></span> <span class='ocrx_word' id='word_1_310' title='bbox 414 3081 514 3155; x_wconf 87' lang='lat' dir='ltr'><strong>paullo</strong></span> <span class='ocrx_word' id='word_1_311' title='bbox 536 3079 713 3154; x_wconf 82' lang='lat' dir='ltr'><strong>implicatior</strong></span> <span class='ocrx_word' id='word_1_312' title='bbox 738 3080 954 3154; x_wconf 69' lang='lat' dir='ltr'><strong>cateridem,</strong></span> <span class='ocrx_word' id='word_1_313' title='bbox 979 3099 1039 3138; x_wconf 90' lang='lat' dir='ltr'><strong>non</strong></span> <span class='ocrx_word' id='word_1_314' title='bbox 1058 3079 1117 3136; x_wconf 88' lang='lat' dir='ltr'><strong>alia</strong></span> <span class='ocrx_word' id='word_1_315' title='bbox 1137 3085 1232 3134; x_wconf 88' lang='lat' dir='ltr'><strong>tamen</strong></span> <span class='ocrx_word' id='word_1_316' title='bbox 1254 3071 1359 3133; x_wconf 84' lang='lat' dir='ltr'><strong>harum</strong></span> 
     </span>
     <span class='ocr_line' id='line_1_35' title="bbox 315 3153 1359 3242; baseline -0.002 -20"><span class='ocrx_word' id='word_1_317' title='bbox 315 3165 523 3238; x_wconf 83' lang='lat' dir='ltr'><strong>particularum</strong></span> <span class='ocrx_word' id='word_1_318' title='bbox 550 3167 595 3224; x_wconf 81' lang='lat' dir='ltr'><strong>ria</strong></span> <span class='ocrx_word' id='word_1_319' title='bbox 626 3171 680 3223; x_wconf 81' lang='lat' dir='ltr'><strong>eat</strong></span> <span class='ocrx_word' id='word_1_320' title='bbox 722 3160 866 3222; x_wconf 87' lang='lat' dir='ltr'><strong>Dicuntur</strong></span> <span class='ocrx_word' id='word_1_321' title='bbox 888 3164 929 3222; x_wconf 85' lang='lat' dir='ltr'><strong>ibi</strong></span> <span class='ocrx_word' id='word_1_322' title='bbox 950 3161 1037 3220; x_wconf 83' lang='lat' dir='ltr'><strong>haec:</strong></span> <span class='ocrx_word' id='word_1_323' title='bbox 1068 3153 1137 3221; x_wconf 85' lang='grc' dir='ltr'><strong>Καὶ</strong></span> <span class='ocrx_word' id='word_1_324' title='bbox 1156 3153 1217 3236; x_wconf 83' lang='grc' dir='ltr'><strong>μὲν</strong></span> <span class='ocrx_word' id='word_1_325' title='bbox 1238 3153 1278 3242; x_wconf 73' lang='grc' dir='ltr'><strong>δὴ</strong></span> <span class='ocrx_word' id='word_1_326' title='bbox 1303 3153 1359 3222; x_wconf 82' lang='grc' dir='ltr'><strong>καί</strong></span> 
     </span>
     <span class='ocr_line' id='line_1_36' title="bbox 319 3231 1387 3344; baseline 0 -38"><span class='ocrx_word' id='word_1_327' title='bbox 319 3239 489 3309; x_wconf 83' lang='grc' dir='ltr'><strong><em>Τάνιαλδυ</em></strong></span> <span class='ocrx_word' id='word_1_328' title='bbox 517 3267 555 3328; x_wconf 78' lang='grc' dir='ltr'><strong><em>γι</em></strong></span> <span class='ocrx_word' id='word_1_329' title='bbox 583 3239 735 3310; x_wconf 79' lang='grc' dir='ltr'><strong><em>εἰσεῖδον.</em></strong></span> <span class='ocrx_word' id='word_1_330' title='bbox 765 3239 926 3328; x_wconf 76' lang='grc' dir='ltr'><strong><em>ἐπεδήμει</em></strong></span> <span class='ocrx_word' id='word_1_331' title='bbox 954 3240 1019 3328; x_wconf 78' lang='grc' dir='ltr'><strong>γὰρ</strong></span> <span class='ocrx_word' id='word_1_332' title='bbox 1049 3231 1115 3326; x_wconf 69' lang='lat' dir='ltr'><strong>ipa</strong></span> <span class='ocrx_word' id='word_1_333' title='bbox 1142 3231 1314 3344; x_wconf 87' lang='grc' dir='ltr'><strong><em>Πρόδικος</em></strong></span> <span class='ocrx_word' id='word_1_334' title='bbox 1338 3233 1357 3306; x_wconf 86' lang='lat' dir='ltr'><strong>d</strong></span> <span class='ocrx_word' id='word_1_335' title='bbox 1385 3321 1387 3332; x_wconf 37' lang='grc' dir='ltr'>Ι</span> 
     </span>
     <span class='ocr_line' id='line_1_37' title="bbox 317 3315 1391 3412; baseline 0 -24"><span class='ocrx_word' id='word_1_336' title='bbox 317 3327 435 3400; x_wconf 84' lang='grc' dir='ltr'><strong><em>Κεῖος,</em></strong></span> <span class='ocrx_word' id='word_1_337' title='bbox 464 3319 503 3411; x_wconf 81' lang='grc' dir='ltr'><strong>ἦν</strong></span> <span class='ocrx_word' id='word_1_338' title='bbox 528 3325 565 3392; x_wconf 80' lang='grc' dir='ltr'><strong>δὲ</strong></span> <span class='ocrx_word' id='word_1_339' title='bbox 586 3325 621 3392; x_wconf 77' lang='grc' dir='ltr'><strong>ἐν</strong></span> <span class='ocrx_word' id='word_1_340' title='bbox 642 3322 799 3412; x_wconf 82' lang='grc' dir='ltr'><strong><em>οἰκήματί</em></strong></span> <span class='ocrx_word' id='word_1_341' title='bbox 818 3349 899 3396; x_wconf 84' lang='grc' dir='ltr'><strong><em>τινι.</em></strong></span> <span class='ocrx_word' id='word_1_342' title='bbox 929 3315 956 3411; x_wconf 80' lang='grc' dir='ltr'><strong><em>ᾧ</em></strong></span> <span class='ocrx_word' id='word_1_343' title='bbox 979 3321 1046 3410; x_wconf 80' lang='grc' dir='ltr'><strong>πρὸ</strong></span> <span class='ocrx_word' id='word_1_344' title='bbox 1070 3324 1129 3388; x_wconf 86' lang='grc' dir='ltr'><strong><em>τοῦ</em></strong></span> <span class='ocrx_word' id='word_1_345' title='bbox 1152 3345 1212 3404; x_wconf 86' lang='grc' dir='ltr'><strong>μεν</strong></span> <span class='ocrx_word' id='word_1_346' title='bbox 1234 3317 1280 3400; x_wconf 83' lang='grc' dir='ltr'><strong>ὡς</strong></span> <span class='ocrx_word' id='word_1_347' title='bbox 1300 3347 1359 3388; x_wconf 88' lang='grc' dir='ltr'><strong><em>τα·</em></strong></span> <span class='ocrx_word' id='word_1_348' title='bbox 1387 3333 1391 3338; x_wconf 82' lang='grc'><em>’</em></span> 
     </span>
     <span class='ocr_line' id='line_1_38' title="bbox 253 3401 1360 3514; baseline -0.002 -40"><span class='ocrx_word' id='word_1_349' title='bbox 253 3465 256 3474; x_wconf 74' lang='grc'><strong><em>,</em></strong></span> <span class='ocrx_word' id='word_1_350' title='bbox 316 3403 416 3490; x_wconf 82' lang='grc' dir='ltr'><strong><em>μιτίῳ</em></strong></span> <span class='ocrx_word' id='word_1_351' title='bbox 439 3404 555 3493; x_wconf 75' lang='grc' dir='ltr'><strong><em>ἐχρῆτο</em></strong></span> <span class='ocrx_word' id='word_1_352' title='bbox 573 3403 780 3486; x_wconf 78' lang='grc' dir='ltr'><strong><em>Ἱππόνικος,</em></strong></span> <span class='ocrx_word' id='word_1_353' title='bbox 811 3411 866 3474; x_wconf 83' lang='grc' dir='ltr'><strong>νῦν</strong></span> <span class='ocrx_word' id='word_1_354' title='bbox 891 3407 928 3474; x_wconf 79' lang='grc' dir='ltr'><strong>δὲ</strong></span> <span class='ocrx_word' id='word_1_355' title='bbox 948 3401 1016 3474; x_wconf 73' lang='lat' dir='ltr'><strong>dard</strong></span> <span class='ocrx_word' id='word_1_356' title='bbox 1036 3408 1096 3472; x_wconf 89' lang='grc' dir='ltr'><strong><em>τοῦ</em></strong></span> <span class='ocrx_word' id='word_1_357' title='bbox 1117 3403 1274 3514; x_wconf 62' lang='grc' dir='ltr'><strong>πόρ’ῦους</strong></span> <span class='ocrx_word' id='word_1_358' title='bbox 1294 3410 1360 3472; x_wconf 86' lang='grc' dir='ltr'><strong><em>τιῦν</em></strong></span> 
     </span>
    </p>

    <p class='ocr_par' dir='ltr' id='par_1_6' title="bbox 315 3485 1385 3985">
     <span class='ocr_line' id='line_1_39' title="bbox 318 3485 1360 3570; baseline 0.001 -16"><span class='ocrx_word' id='word_1_359' title='bbox 318 3485 547 3554; x_wconf 80' lang='grc' dir='ltr'><strong><em>καταλυόντων</em></strong></span> <span class='ocrx_word' id='word_1_360' title='bbox 566 3485 585 3554; x_wconf 86' lang='grc' dir='ltr'><strong><em>δ</em></strong></span> <span class='ocrx_word' id='word_1_361' title='bbox 599 3489 749 3567; x_wconf 83' lang='grc' dir='ltr'><strong><em>Καλλίας</em></strong></span> <span class='ocrx_word' id='word_1_362' title='bbox 763 3489 819 3556; x_wconf 82' lang='grc' dir='ltr'><strong>καί</strong></span> <span class='ocrx_word' id='word_1_363' title='bbox 833 3495 931 3557; x_wconf 88' lang='grc' dir='ltr'><strong><em>τοῦτο</em></strong></span> <span class='ocrx_word' id='word_1_364' title='bbox 946 3485 1129 3569; x_wconf 80' lang='grc' dir='ltr'><strong><em>ἐκκενώσας</em></strong></span> <span class='ocrx_word' id='word_1_365' title='bbox 1141 3489 1247 3570; x_wconf 83' lang='grc' dir='ltr'><strong><em>ξενοις</em></strong></span> <span class='ocrx_word' id='word_1_366' title='bbox 1260 3485 1360 3556; x_wconf 87' lang='grc' dir='ltr'><strong><em>κατά-</em></strong></span> 
     </span>
     <span class='ocr_line' id='line_1_40' title="bbox 316 3565 1359 3658; baseline -0.003 -20"><span class='ocrx_word' id='word_1_367' title='bbox 316 3573 412 3638; x_wconf 72' lang='grc' dir='ltr'><strong><em>λυσιν</em></strong></span> <span class='ocrx_word' id='word_1_368' title='bbox 427 3569 628 3657; x_wconf 75' lang='grc' dir='ltr'><strong><em>πεποίηκεν·</em></strong></span> <span class='ocrx_word' id='word_1_369' title='bbox 650 3567 669 3638; x_wconf 83' lang='grc' dir='ltr'><strong>ὁ</strong></span> <span class='ocrx_word' id='word_1_370' title='bbox 691 3573 752 3654; x_wconf 78' lang='grc' dir='ltr'><strong>μὲν</strong></span> <span class='ocrx_word' id='word_1_371' title='bbox 772 3565 831 3639; x_wconf 86' lang='grc' dir='ltr'><strong>οῦν</strong></span> <span class='ocrx_word' id='word_1_372' title='bbox 844 3572 1016 3658; x_wconf 80' lang='grc' dir='ltr'><strong><em>Πρόδικος</em></strong></span> <span class='ocrx_word' id='word_1_373' title='bbox 1037 3570 1087 3641; x_wconf 71' lang='grc' dir='ltr'><strong>ἔτι</strong></span> <span class='ocrx_word' id='word_1_374' title='bbox 1109 3575 1277 3642; x_wconf 81' lang='grc' dir='ltr'><strong><em>κατέκειτο</em></strong></span> <span class='ocrx_word' id='word_1_375' title='bbox 1294 3567 1359 3639; x_wconf 72' lang='lat' dir='ltr'><strong>aad.</strong></span> 
     </span>
     <span class='ocr_line' id='line_1_41' title="bbox 317 3654 1359 3742; baseline 0.002 -24"><span class='ocrx_word' id='word_1_376' title='bbox 317 3657 433 3740; x_wconf 75' lang='lat' dir='ltr'><strong>Quibus</strong></span> <span class='ocrx_word' id='word_1_377' title='bbox 466 3661 499 3718; x_wconf 86' lang='lat' dir='ltr'><strong>ia</strong></span> <span class='ocrx_word' id='word_1_378' title='bbox 526 3659 640 3733; x_wconf 71' lang='lat' dir='ltr'><strong>vertis,</strong></span> <span class='ocrx_word' id='word_1_379' title='bbox 676 3675 763 3733; x_wconf 86' lang='lat' dir='ltr'><strong>quem</strong></span> <span class='ocrx_word' id='word_1_380' title='bbox 786 3659 828 3730; x_wconf 78' lang='lat' dir='ltr'><strong>ad</strong></span> <span class='ocrx_word' id='word_1_381' title='bbox 854 3661 973 3721; x_wconf 87' lang='lat' dir='ltr'><strong>modum</strong></span> <span class='ocrx_word' id='word_1_382' title='bbox 998 3665 1085 3722; x_wconf 84' lang='lat' dir='ltr'><strong>etiam</strong></span> <span class='ocrx_word' id='word_1_383' title='bbox 1111 3663 1270 3738; x_wconf 74' lang='lat' dir='ltr'><strong>simplicem</strong></span> <span class='ocrx_word' id='word_1_384' title='bbox 1296 3654 1359 3742; x_wconf 70' lang='grc' dir='ltr'><strong>γὰρ</strong></span> 
     </span>
     <span class='ocr_line' id='line_1_42' title="bbox 315 3741 1385 3822; baseline -0.002 -20"><span class='ocrx_word' id='word_1_385' title='bbox 315 3743 490 3820; x_wconf 87' lang='lat' dir='ltr'><strong>particulam</strong></span> <span class='ocrx_word' id='word_1_386' title='bbox 510 3761 600 3819; x_wconf 70' lang='lat' dir='ltr'><strong>supra</strong></span> <span class='ocrx_word' id='word_1_387' title='bbox 619 3743 745 3804; x_wconf 74' lang='lat' dir='ltr'><strong>vidimus</strong></span> <span class='ocrx_word' id='word_1_388' title='bbox 763 3749 918 3822; x_wconf 71' lang='lat' dir='ltr'><strong>usurpari,</strong></span> <span class='ocrx_word' id='word_1_389' title='bbox 941 3750 982 3806; x_wconf 83' lang='lat' dir='ltr'><strong>ita</strong></span> <span class='ocrx_word' id='word_1_390' title='bbox 1004 3749 1173 3806; x_wconf 83' lang='lat' dir='ltr'><strong>coniunctae</strong></span> <span class='ocrx_word' id='word_1_391' title='bbox 1198 3741 1359 3819; x_wconf 80' lang='lat' dir='ltr'><strong>particulae</strong></span> <span class='ocrx_word' id='word_1_392' title='bbox 1381 3760 1385 3768; x_wconf 87' lang='grc'><strong>’</strong></span> 
     </span>
     <span class='ocr_line' id='line_1_43' title="bbox 315 3819 1360 3985; baseline 0 -15"><span class='ocrx_word' id='word_1_393' title='bbox 315 3819 702 3973; x_wconf 58' lang='lat' dir='ltr'><strong>{latoidum</strong></span> <span class='ocrx_word' id='word_1_394' title='bbox 717 3831 1360 3985; x_wconf 57' lang='lat' dir='ltr'><strong>luadiit„tiata“stt</strong></span> 
     </span>
    </p>

    <p class='ocr_par' dir='ltr' id='par_1_7' title="bbox 483 3957 1117 3992">
     <span class='ocr_line' id='line_1_44' title="bbox 483 3957 1117 3992; baseline -0.002 -18"><span class='ocrx_word' id='word_1_395' title='bbox 483 3957 493 3992; x_wconf 88' lang='lat'><em>,</em></span> <span class='ocrx_word' id='word_1_396' title='bbox 1109 3958 1117 3973; x_wconf 92' lang='lat'><strong>.</strong></span> 
     </span>
    </p>

    <p class='ocr_par' dir='ltr' id='par_1_8' title="bbox 316 3993 1359 4155">
     <span class='ocr_line' id='line_1_45' title="bbox 316 3993 1359 4075; baseline 0.003 -25"><span class='ocrx_word' id='word_1_397' title='bbox 316 4011 353 4050; x_wconf 79' lang='lat' dir='ltr'><strong>aa</strong></span> <span class='ocrx_word' id='word_1_398' title='bbox 379 4005 477 4054; x_wconf 75' lang='grc' dir='ltr'><strong><em>ουικιυ</em></strong></span> <span class='ocrx_word' id='word_1_399' title='bbox 504 4017 599 4056; x_wconf 80' lang='grc' dir='ltr'><strong><em>ιιι-τοι</em></strong></span> <span class='ocrx_word' id='word_1_400' title='bbox 621 3999 770 4058; x_wconf 72' lang='lat' dir='ltr'><strong>Prodicum</strong></span> <span class='ocrx_word' id='word_1_401' title='bbox 793 3999 893 4071; x_wconf 77' lang='lat' dir='ltr'><strong>Caum,</strong></span> <span class='ocrx_word' id='word_1_402' title='bbox 922 3999 1041 4075; x_wconf 86' lang='lat' dir='ltr'><strong>dequo</strong></span> <span class='ocrx_word' id='word_1_403' title='bbox 1065 4001 1124 4058; x_wconf 86' lang='lat' dir='ltr'><strong>ianr</strong></span> <span class='ocrx_word' id='word_1_404' title='bbox 1147 3997 1292 4072; x_wconf 83' lang='lat' dir='ltr'><strong>copioaina</strong></span> <span class='ocrx_word' id='word_1_405' title='bbox 1315 3993 1359 4053; x_wconf 89' lang='lat' dir='ltr'><strong>di·</strong></span> 
     </span>
     <span class='ocr_line' id='line_1_46' title="bbox 317 4077 1358 4155; baseline 0.004 -23"><span class='ocrx_word' id='word_1_406' title='bbox 317 4083 412 4132; x_wconf 71' lang='grc' dir='ltr'><strong><em>σταται</em></strong></span> <span class='ocrx_word' id='word_1_407' title='bbox 434 4087 496 4136; x_wconf 83' lang='lat' dir='ltr'><strong>arat</strong></span> <span class='ocrx_word' id='word_1_408' title='bbox 519 4077 613 4139; x_wconf 83' lang='lat' dir='ltr'><strong>Plato.</strong></span> <span class='ocrx_word' id='word_1_409' title='bbox 655 4080 807 4142; x_wconf 70' lang='lat' dir='ltr'><strong>Notiora</strong></span> <span class='ocrx_word' id='word_1_410' title='bbox 830 4081 976 4150; x_wconf 74' lang='lat' dir='ltr'><strong>dicarunt</strong></span> <span class='ocrx_word' id='word_1_411' title='bbox 998 4087 1039 4141; x_wconf 79' lang='lat' dir='ltr'><strong>Ea</strong></span> <span class='ocrx_word' id='word_1_412' title='bbox 1056 4099 1118 4142; x_wconf 84' lang='grc' dir='ltr'><strong><em>ιοοι·</em></strong></span> <span class='ocrx_word' id='word_1_413' title='bbox 1135 4080 1171 4155; x_wconf 74' lang='lat' dir='ltr'><strong>ja</strong></span> <span class='ocrx_word' id='word_1_414' title='bbox 1191 4079 1254 4139; x_wconf 78' lang='lat' dir='ltr'><strong>alca</strong></span> <span class='ocrx_word' id='word_1_415' title='bbox 1275 4077 1358 4154; x_wconf 79' lang='lat' dir='ltr'><strong>(vala</strong></span> 
     </span>
    </p>
   </div>
   <div class='ocr_carea' id='block_1_5' title="bbox 0 0 1522 4580">
    <p class='ocr_par' dir='ltr' id='par_1_9' title="bbox 0 0 1522 4580">
     <span class='ocr_line' id='line_1_47' title="bbox 0 0 1522 4580; baseline 0 0"><span class='ocrx_word' id='word_1_416' title='bbox 0 0 1522 4580; x_wconf 95' lang='lat' dir='ltr'><strong> </strong></span> 
     </span>
    </p>
   </div>
  </div>
 </body>
</html>
