2994 4592
605 243 702 342 ἄρα.
1113 251 1177 321 idi

122 425 209 490 istud
236 417 304 513 ἄρα
329 425 425 500 ipsum
448 440 567 498 quoque
594 423 678 482 nobis
701 423 735 482 in
758 423 929 484 memoriam
953 421 1073 484 revocat
1092 429 1175 500 pras-i

114 521 240 574 sontem
266 529 365 570 rernm
391 516 514 584 statum,
547 509 580 568 in
609 527 668 584 quo
692 508 853 569 irumensns
879 507 932 570 ille
952 511 1031 572 risus
1054 507 1100 570 dis
1120 511 1175 569 im-

122 597 299 658 mortalibus
320 595 461 654 excitatns
482 594 529 652 ait.
852 615 855 620 ·

213 679 271 740 His
290 679 364 738 locis
386 675 539 753 explicatis
559 675 647 736 iacila
667 683 790 752 apparet
811 670 879 759 ἄρα
898 676 1088 756 particulam,
1109 678 1174 738 sius

120 767 247 841 integra
260 757 427 824 formosius
446 761 597 822 diminutis
611 753 655 846 ἂρ
667 769 696 820 et
708 755 753 844 ῥὰ
764 761 882 831 dicatur,
902 771 1009 821 certum
1028 761 1174 837 qnondani

123 867 231 908 rerum
257 847 387 906 ordinem
416 852 503 920 atque
531 846 638 905 seriem
660 843 806 920 iudicare,
833 865 892 920 qna
916 845 1029 922 aliquid
1053 847 1094 906 ex'
1113 846 1173 906 alio

125 931 195 1008 fiat,
216 951 274 990 non
294 932 336 990 ita
358 929 488 1005 quidem,
506 937 540 988 nt
557 929 683 1012 altarum
704 949 744 989 ex
759 930 851 989 altaro
867 935 1029 990 necessario
1042 931 1172 1006 eveniat,
1208 1003 1220 1008 -

90 1085 94 1092 ,
124 1015 182 1077 sed
209 1027 307 1076 tamen
332 1024 365 1072 ut
389 1031 489 1074 caussa
520 1011 641 1074 alterius
668 1015 713 1074 rei
739 1033 791 1074 ex·
805 1013 898 1074 altera
925 1034 959 1074 rc
984 1015 1081 1090 qrsasi·
1095 1015 1172 1076 serie

121 1099 253 1178 quadam
279 1108 308 1160 et
337 1100 412 1157 iusto
441 1097 543 1158 ordine
564 1097 689 1174 peteuda
710 1117 773 1158 esse
796 1097 938 1158 rideatur.
981 1095 1080 1158 Prima
1100 1097 1171 1157 bace

120 1185 209 1244 serbi
233 1186 281 1244 vis
308 1203 341 1241 sc
360 1189 503 1258 potestas,
532 1200 609 1256 quae
630 1185 719 1242 variis
740 1183 891 1258 particulis
915 1189 965 1242 aut
985 1179 1101 1244 Latinis
1121 1191 1172 1242 ast

121 1271 214 1328 etiam
235 1268 342 1328 nostris
364 1266 512 1341 redditur,
536 1275 580 1324 cst
599 1261 686 1325 ctiam
707 1269 740 1326 in
760 1265 926 1326 Atticorum
947 1263 1090 1327 sermone'
1103 1287 1169 1325 con-

121 1355 239 1428 spicua,
259 1353 296 1432 ab
319 1349 480 1426 eademque
499 1349 713 1434 significatione
731 1353 817 1414 otiam
836 1351 977 1426 particula
999 1341 1075 1434 ἆρα,
1094 1369 1169 1426 quae

118 1435 217 1496 multo
234 1439 344 1496 maiore
366 1437 399 1494 vi
419 1433 505 1494 effert
523 1436 774 1496 ratiocinationem
795 1439 891 1512 istam,
911 1456 987 1512 qnae
1005 1439 1169 1498 continetur

120 1520 267 1596 particula
287 1513 363 1604 ἄρα,
385 1519 513 1594 proiecta
535 1529 598 1593 est,
611 1539 685 1596 qnae
706 1519 861 1581 adhibetur
877 1515 1070 1596 'potissumum
1086 1522 1117 1578 in
1134 1539 1169 1584 ea

121 1607 360 1679 ratiocinatione,
380 1605 412 1662 in
434 1622 491 1678 qna
505 1603 695 1678 interrogatio
707 1613 736 1662 et
748 1603 923 1664 exclamatio
936 1607 1047 1663 nititur.
1079 1599 1168 1661 Unda

121 1688 269 1766 particula
291 1677 355 1770 ἆρα
376 1691 485 1762 accepit
506 1689 592 1746 etiam
616 1689 702 1747 istam
722 1689 783 1744 vim
804 1689 1054 1762 interrogativum,
1080 1707 1168 1761 qnam

121 1773 191 1832 i‘ere
221 1773 253 1830 iu
279 1770 439 1831 Atticorum
471 1787 605 1831 sermone
632 1771 764 1832 obtinere
792 1771 875 1830 solet.
926 1769 1112 1852 Quamquam
1141 1772 1168 1840 sl

121 1860 221 1931 ipsam
242 1857 397 1932 particulae
418 1855 544 1916 radicem
564 1863 745 1931 spectamus„
758 1855 845 1916 'etiam
865 1853 914 1914 liic
934 1859 1059 1930 primam
1073 1856 1170 1930 signi-¹

121 1940 290 2000 ficationem
322 1943 386 2000 aius
418 1941 495 2000 vocis
526 1961 587 1998 non
613 1959 769 2016 possumus
796 1959 856 2000 nou
888 1939 1054 2016 agnoscere.
1086 1937 1170 2010 ‘Sed
1270 2012 1278 2030 ἢ

122 2045 212 2102 quom
240 2013 307 2110 ἷὶρα
334 2025 429 2085 lavim
452 2027 598 2107 exprimat
619 2023 683 2084 nim
704 2026 952 2100 ratiocinationis,
981 2013 1048 2110 ἆρα
1069 2034 1175 2083 antem·

122 2111 244 2187 gravius
265 2107 389 2169 eandem
410 2117 520 2186 urgeat,
541 2104 722 2186 factumest,
743 2119 774 2168 ut
796 2103 861 2192 ἄρα
882 2111 1007 2184 primum
1021 2111 1052 2166 in
1066 2109 1166 2183 aliqua

122 2195 323 2254 enuntiatione
345 2194 441 2252 locum
463 2195 675 2254 obtinera‘non
698 2195 809 2268 possit,
835 2182 900 2278 ἆρα
923 2195 1019 2268 potius
1038 2195 1166 2266 primum

122 2275 334 2338 enuntiationis
364 2278 461 2337 locum
490 2278 548 2338 sibi
576 2287 666 2354 optet.
716 2273 900 2338 Simillumus
927 2277 1009 2336 usus¹
1027 2283 1070 2336 eat
1096 2297 1165 2352 par·

122 2363 228 2421 ticulae
249 2367 351 2439 ipitur,
382 2383 457 2438 quaa
481 2383 570 2438 quom
591 2364 624 2420 iu
648 2361 725 2422 culto
749 2373 885 2422 sermone
907 2357 1015 2421 Latino
1037 2361 1166 2436 plerum·

122 2466 182 2524 que
203 2445 327 2506 secundo
340 2456 390 2506 ant
403 2448 489 2506 tertio
503 2447 567 2506 loco
581 2457 715 2525 ponatur,
738 2455 834 2507 tamen
849 2447 899 2506 ubi
915 2447 1026 2505 maiore
1040 2439 1165 2522 quadam

121 2528 153 2592 'si
173 2529 306 2606 praedita
327 2538 381 2608 est,
403 2533 489 2591 etiam
509 2534 605 2610 primo
624 2533 687 2591 loco
708 2535 828 2608 ponitur
849 2529 927 2606 apud
947 2539 1079 2605 optumos
1098 2523 1167 2589 La'

121 2617 245 2673 tinitatis
269 2623 417 2692 auctores,
444 2615 536 2675 veluti
561 2613 606 2674 Μ.
629 2613 764 2689 Tullius,
794 2617 847 2694 quii
874 2611 1088 2676 icresecundc
1113 2619 1164 2671 aut

121 2702 207 2759 tertio
228 2699 292 2758 loco
313 2702 397 2775 ponit
418 2699 588 2776 particulam
609 2703 705 2774 igitur,
727 2698 803 2756 dixit
825 2709 922 2758 tamen
942 2699 1109 2757 rectissume
1129 2699 1164 2762 in
1253 2759 1258 2774 ι

123 2785 293 2843 Tusculanis
313 2783 548 2862 disputationibus
569 2783 620 2842 lib.
637 2781 664 2849 l.
685 2801 748 2864 cap.
768 2789 798 2849 2.
821 2785 849 2854 §.
867 2783 897 2840 4.
923 2784 1016 2856 lpitrru
1036 2789 1062 2844 ct
1081 2784 1163 2857 Epu-

121 2867 271 2926 utiuoudus
290 2871 419 2946 princeps
438 2887 499 2928 usco
519 2867 623 2928 iudicio
646 2869 783 2928 Grunnius
800 2863 904 2944 [lilibus
923 2863 1070 2941 piaculare
1090 2867 1163 2922 ocul-

120 2953 194 3010 nicss
222 2949 326 3010 dicitur
353 2959 420 3022 ctu,
453 2953 592 3026 quoniam
619 2953 651 3010 in
676 2949 725 3011 liis
754 2947 855 3012 uerbis
878 2948 939 3008 volt
969 2947 1075 3009 efferre
1101 2951 1163 3014 vim

120 3033 280 3112 particulae
303 3034 508 3110 conclusivum,
530 3043 560 3093 et
582 3034 614 3094 id
634 3037 722 3094 etiam
742 3035 809 3096 aliis
831 3035 903 3094 locis
921 3034 1000 3093 iecit.

167 3123 169 3129 ’
201 3115 254 3178 Sic
274 3119 365 3194 igitur
384 3119 525 3193 particula
545 3108 621 3202 ἄρα,
641 3127 673 3176 ut
690 3117 726 3178 de
740 3115 795 3177 bac
808 3119 904 3177 forma
919 3105 1044 3192 primum
1057 3113 1161 3194 dicam,

121 3204 229 3276 accepit
245 3204 305 3263 risu
322 3222 354 3261 ac
372 3202 613 3279 significationem
627 3201 747 3262 levioris
762 3201 908 3264 cuiusdam
921 3201 1161 3271 ratiocinationis,

121 3303 197 3426 xmo
215 3283 324 3344 iudicat
345 3287 433 3358 rebus
454 3289 494 3346 ita
513 3289 685 3372 comparatis
701 3285 814 3360 aliquid
829 3287 867 3346 lta
883 3296 931 3342 ant
943 3301 1007 3347 esse
1020 3289 1069 3342 aut
1083 3281 1159 3344 lieri.

156 3389 171 3424 c
204 3369 231 3426 si
264 3371 311 3428 usi
335 3379 403 3436 sunt
429 3369 536 3430 Graeci
563 3374 595 3429 iu
625 3369 858 3432 conclusionibus
887 3371 974 3428 etiam
1001 3369 1159 3444 aptioribus

120 3453 176 3510 ista
198 3453 355 3530 particula,
384 3463 508 3520 externa
530 3455 648 3530 quidem
669 3455 809 3523 orationis
830 3454 925 3512 forma
945 3473 1006 3513 uon
1027 3463 1087 3510 tam
1108 3447 1158 3509 ad·
1182 3495 1184 3498 -

120 3536 217 3597 stricta
238 3535 382 3601 conclusio
403 3547 465 3614 cat,
487 3535 632 3599 reluti'in
655 3539 708 3598 illo
733 3541 886 3614 exemplo,
909 3538 985 3613 quod
1007 3537 1159 3610 usurpavit

120 3621 176 3680 iam
196 3615 355 3699 Devarius,
375 3643 414 3682 cx
437 3621 562 3690 Luciani
580 3626 648 3682 que
663 3623 796 3721 trupuulu
818 3627 846 3696 §·
860 3624 910 3688 51.
941 3613 983 3693 Ei
1006 3609 1071 3682 εἶσὶ
1090 3621 1158 3697 βω-

118 3695 182 3781 μοί,
206 3695 274 3767 alui
295 3701 351 3768 uui
368 3703 466 3770 dcci·
489 3698 575 3768 ἀλλὰ
597 3701 661 3790 μὴν
682 3701 748 3769 esui
768 3703 886 3786 βωμοί,
909 3697 992 3766 etuti
1014 3695 1078 3782 ἄρα
1101 3695 1158 3768 uui

117 3781 204 3849 θεοί.
246 3785 419 3873 Eademque
449 3791 624 3869 significatio
649 3791 682 3850 iu
708 3793 811 3848 ceteris
836 3786 1045 3929 agroquelocit
1070 3783 1155 3842 facile

118 3875 300 3950 amacina,
327 3884 360 3933 nt
390 3874 426 3933 de
452 3872 507 3932 hac
532 3893 564 3932 re
591 3871 668 3930 nibil
693 3873 816 3946 amplius

118 3949 266 4031 deretur,¹
285 3959 346 4017 nisi
380 3962 469 4018 etiam
492 3941 551 4015 'liic
581 3955 681 4013 turbas
713 3955 839 4032 iecisset
863 3951 1068 4033 Hartnngins,
1104 3951 1156 4024 qui

118 4035 244 4114 aliquam
266 4043 352 4116 qnasi
373 4043 557 4106 mirationem
581 4041 636 4098 ista
656 4037 797 4114 particula
820 4037 859 4096 ait
881 4033 1055 4112 significari,
1080 4055 1154 4112 quaa

116 4119 185 4182 milti
218 4127 317 4202 potius
349 4141 485 4190 reuocare
519 4145 572 4186 nos
596 4145 624 4196 ¹a
656 4122 810 4184 nrirationc
841 4121 977 4200 uidetur,
1009 4121 1077 4181 dum
1108 4122 1152 4180 iu·

866 3869 998 3929 icendum
1014 3881 1085 3924 'case
1109 3867 1163 3923 vi-·
1273 3913 1276 3920 .
