2980 4574
556 235 656 282 ἐι

635 287 665 348 η.

125 435 216 494 lativo
239 427 379 492 ¹coul'eras
408 429 589 489 llaroclolom
618 431 668 490 lib.
692 427 732 488 ll.
762 447 826 504 cop.
855 431 906 488 35.
937 421 1096 510 Ἔρχομαι
1123 425 1160 492 δέ

123 517 206 599 'accpi
233 511 413 596 Αἰγύιιεοο
433 512 584 596 apatirion
610 508 802 596 τὸνλόγον,
832 508 884 576 ὅτι
908 511 1049 576 alciora
1070 514 1162 575 θιοὲἱ-Ι

124 595 232 680 μοόιο
264 594 329 677 ἔχει
359 591 381 680 ἢ
402 587 485 680 tittp
506 591 608 680 γιόριγ.
638 595 667 656 et
689 617 763 671 ‹prae
784 593 952 656 Nitzsclrius
974 597 1077 655 adtulit
1098 597 1115 652 Ι.
1141 597 1159 656 l.
1207 626 1211 637 =

124 707 156 758 p.
184 689 234 742 79.
279 683 413 756 Namque
449 687 533 740 etiam
567 681 615 740 laio
643 685 713 741 satis
739 683 795 740 crit
825 682 988 758 analogiam
1016 679 1160 754 significa·

125 789 211 826 vrsse.

211 847 243 908 Si
274 850 439 922 quaerimus
469 849 573 921 quibus
601 848 750 922 particulis
770 848 944 924 respondeat
966 838 986 930 ἢ
1007 839 1344 930 γεήίοιιΙοβΗ-ῗγν-

124 934 198 992 illucl
220 936 277 992 iam
295 951 383 1005 supra
405 930 630 1006 significavimus
653 923 674 1014 ἢ
694 953 780 1007 saepe
801 953 921 992 numero
940 935 984 990 bis
1003 940 1052 988 aut
1073 931 1160 988 etiam
1204 914 1315 986 ἦ-ο·

126 1029 173 1075 ter
194 1039 226 1075 ao
247 1019 365 1090 saepius
389 1018 477 1088 pout,
508 1026 566 1071 tum
590 1018 676 1072 etiam
699 1018 824 1075 vidimus
846 1020 905 1074 iam
928 1033 1016 1089 supra
1038 1017 1069 1072 in
1091 1032 1160 1070 roco

127 1090 207 1171 εἴτε,
233 1103 320 1158 etiam
342 1097 408 1156 lucrio
431 1099 587 1173 particulae
607 1092 626 1180 ἢ
648 1100 814 1172 particulam
838 1101 1029 1174 respondere,
1054 1099 1097 1155 uti
1117 1097 1162 1154 di·

126 1195 207 1242 catur
229 1197 277 1240 aut
301 1177 366 1244 εἴτε
391 1215 425 1226 -
452 1172 472 1263 ἤ
496 1215 550 1243 -.
574 1185 621 1238 vel
645 1175 710 1245 εἴτε
732 1217 772 1227 -·-
796 1175 862 1245 εἴτε
885 1217 922 1229 -
948 1173 982 1264 ἤ,
1004 1189 1053 1238 aut
1074 1181 1163 1239 etiam

125 1265 147 1352 ἢ
172 1299 206 1310 -
233 1260 315 1337 εἴτε,
337 1273 366 1322 et
388 1285 462 1337 qaino
487 1273 554 1322 aum
576 1267 695 1323 amitte.
725 1263 807 1326 Vide
828 1286 904 1340 qtrne
927 1265 1074 1338 explicata
1094 1271 1163 1322 sunl

126 1369 212 1423 scopora
239 1371 268 1422 p.
290 1353 351 1406 ast
373 1367 418 1422 sq.
462 1345 510 1405 De
533 1340 603 1432 ἧοοι
624 1383 666 1394 -
688 1346 706 1432 ἢ
728 1348 796 1409 ride
824 1351 882 1408 vol.
907 1348 931 1407 Ι.
960 1371 989 1424 p.
1015 1355 1083 1406 101.
1127 1344 1162 1421 Si
1264 1415 1268 1424 .

126 1443 223 1490 autem
246 1428 300 1493 καὶ
321 1463 363 1475 -·-
386 1428 404 1514 ἢ
429 1463 480 1500 -‚
503 1429 539 1494 τέ
562 1467 599 1476 -
619 1425 637 1514 ἢ
658 1434 736 1492 inter
756 1454 788 1493 se
809 1433 984 1509 respondere
1005 1433 1073 1490 vise
1086 1439 1161 1498 sunt,
1204 1453 1205 1456 ¹

127 1537 178 1576 eae
207 1537 266 1574 non
290 1525 356 1573 stant
379 1535 465 1572 verae
487 1517 692 1588 responsiones
714 1517 869 1592 dicendae,
889 1516 952 1576 'sed
973 1517 1071 1590 potios
1093 1513 1160 1571 talia

125 1621 181 1674 per
209 1591 453 1660 ἆνοικολουθίον
481 1598 615 1656 dicuutur
641 1619 694 1658 uec
717 1601 873 1674 quidquam
896 1599 933 1658 acl
955 1601 1048 1672 ipsam
1072 1600 1162 1670 parti-

127 1684 257 1740 cularum
287 1685 526 1739 constructionem
552 1684 704 1756 pertinent.
758 1679 839 1742 Vide
860 1681 1059 1756 -llartungium
1093 1680 1114 1740 l.
1140 1679 1162 1738 l.

128 1767 186 1826 rol.
209 1764 233 1823 l.
256 1786 284 1838 p.
308 1768 358 1822 89.
380 1785 409 1838 p.
437 1768 503 1822 tto.

213 1846 260 1906 Dc
286 1849 322 1906 iis
348 1859 442 1905 antem
466 1847 629 1922 particulis,
660 1869 734 1922 quac
755 1845 775 1934 ἢ
798 1849 952 1922 particulae
974 1847 1093 1922 adiungi
1109 1843 1161 1904 so·
1185 1854 1273 1910 ’11-
1292 1851 1335 1928 γε’.

129 1931 209 2006 lent,
236 1930 292 1988 lroc
313 1932 594 1988 commemorandum
617 1933 741 1990 videtur.
785 1931 913 1990 Primum
938 1924 957 2016 ἢ
979 1953 1014 2014 γε
1036 1951 1095 1988 nou
1118 1931 1162 1986 di·

128 2026 205 2075 ctum
234 2025 278 2074 est
305 2015 341 2071 ab
367 2017 494 2088 antiquis
518 2024 547 2072 ct
571 2017 654 2074 bonis
680 2017 866 2090 scriptoribus
895 2018 951 2074 nisi
973 2036 1006 2073 ca
1029 2035 1098 2072 voce
1118 2015 1162 2070 in·

130 2097 299 2172 terposita‚'
314 2118 389 2172 quac
409 2119 464 2172 per
485 2095 520 2178 γὲ
542 2099 711 2172 particulam
736 2098 870 2174 effertur,
897 2119 954 2172 qua
976 2099 1011 2156 tle
1032 2119 1064 2156 rc
1086 2107 1163 2153 recte

129 2183 314 2260 existumavit
337 2179 375 2240 G.
392 2179 564 2240 Diadorfius
587 2184 619 2238 in
640 2181 681 2238 Η.
700 2179 842 2254 Stephani
863 2183 1007 2240 llsesuttro
1030 2183 1080 2238 Gr.
1097 2181 1165 2252 liay.

129 2267 189 2327 vol.
212 2265 251 2323 ll.
270 2285 301 2340 p.
323 2269 383 2324 538
409 2263 443 2324 G.
485 2263 525 2322 Et
550 2265 653 2323 dicitur
676 2264 749 2323 illud
772 2262 791 2350 ἢ
814 2299 852 2310 -
876 2261 912 2342 γε’
934 2283 1165 2338 saepenumero

129 2353 161 2407 iu
194 2351 231 2408 iis
262 2348 348 2423 locis,
384 2351 431 2408 ubi
459 2341 479 2431 ἢ
504 2348 568 2408 sere
593 2348 773 2428 ¹exclusivam
801 2347 886 2408 lrabet
914 2347 1165 2424 significationem,
1231 2369 1236 2374 ·

131 2434 213 2508 qnasi
236 2433 327 2491 dicas:
354 2423 384 2494 εἶ
407 2429 444 2496 δὲ
463 2425 527 2514 μή,
556 2453 612 2506 qua
633 2433 669 2489 de
690 2432 906 2506 significatione
927 2430 995 2492 vide
1016 2451 1092 2504 quae
1114 2451 1167 2488 ex·

130 2517 251 2591 plicavit
278 2513 425 2576 Davarios
456 2517 514 2574 vol.
537 2512 562 2572 l.
592 2536 620 2588 p.
643 2521 681 2573 91
707 2537 751 2592 sq.
794 2514 846 2574 Sic
872 2517 961 2590 igitur
988 2513 1065 2585 (lixit
1092 2512 1166 2572 Ari-2

130 2597 288 2681 stoplranes
309 2601 341 2658 in
362 2605 495 2677 Equitum
517 2618 545 2657 r.
568 2603 630 2656 414
651 2620 694 2673 sq.

252 2725 488 2798 Ὑπερροιλεῖσθιιί
503 2727 530 2781 o'
546 2732 640 2800 οἴομαι
660 2723 795 2782 ιοὺιοιοιν
813 2721 828 2792 ἢ
847 2723 937 2798 μάτην
952 2723 983 2796 γ’
1002 2721 1039 2780 ἂν

252 2796 466 2868 ἀπομαγδαλίας
484 2793 645 2870 σιτούμενος
662 2799 791 2856 ιοοοῦιος
807 2797 982 2896 ἐκτραφείην.

132 2945 168 2993 εί.
189 2944 320 2994 oratores
350 2952 438 3012 saepe
465 2955 587 2996 numero
617 2935 716 2996 eadem
741 2934 853 2994 dicendi
874 2934 1002 2994 formula
1022 2935 1068 2992 nsi
1090 2939 1168 3008 anot,
1218 2983 1221 3002 ,

131 3019 221 3076 veluti
241 3011 455 3076 Demosthenes
475 3019 505 3072 in
526 3021 656 3077 oratioue
673 3029 771 3079 contra
787 3022 1005 3098 Aristogitonem
1025 3017 1051 3077 l.
1063 2997 1096 3090 ⁵5.
1116 3022 1168 3076 71.

132 3102 179 3162 el.
212 3099 311 3160 Betk.
341 3122 372 3176 p.
402 3101 481 3172 795,
511 3106 558 3159 18.
587 3101 631 3158 ed.
652 3099 755 3159 Reislc.
803 3093 851 3162 Οὐ
873 3097 913 3203 γά
941 3145 949 3173 ,
979 3095 1008 3165 εἰ
1030 3097 1075 3182 μὴ
1099 3101 1168 3161 πᾶν

17 3207 26 3216 -
132 3179 213 3243 llcov
241 3173 351 3266 ὦφλεν
381 3171 526 3266 ὀφείλει,
554 3181 608 3244 νῦν
635 3175 655 3263 ἡ
679 3178 787 3264 κρίσις
814 3174 875 3244 οὐδ
912 3123 935 3244 l
953 3178 1050 3260 λόγος
1072 3179 1199 3250 ἐσήιε,

133 3253 207 3326 ‹itt‘
239 3257 270 3325 εἰ
297 3257 437 3346 ὀφείλει.
471 3255 519 3324 Ἡ
551 3259 641 3326 δεινά
668 3254 698 3344 γ’
723 3260 761 3324 ἂν
788 3259 934 3327 πάθοιεν
962 3258 993 3325 ol
1024 3261 1169 3346 δραχμὴν

133 3343 387 3428 ἐγγεγραμμένοι
405 3339 523 3426 μόνην,
540 3339 569 3408 εἰ
590 3339 653 3408 nni.
676 3354 704 3404 et
719 3343 830 3421 Lysias
847 3346 880 3402 clo
895 3347 1055 3418 Polystruto
1075 3351 1102 3418 §.
1121 3348 1168 3406 19.

133 3429 179 3488 ecl.
203 3425 300 3486 Belk.
322 3450 352 3502 p.
378 3433 447 3487 159.
469 3432 521 3486 sub
543 3425 725 3488 lin.'ed.l1r
750 3426 852 3504 Steph.
888 3429 941 3490 ’H
961 3422 1051 3491 δεινά
1074 3421 1105 3509 γ’
1132 3428 1172 3492 ἂν

133 3505 314 3590 πάθοιμεν,
334 3501 359 3572 ὦ
380 3503 497 3594 ἄνδρες
515 3508 686 3588 δικασταί,
712 3505 742 3575 εἰ
764 3510 841 3588 τοὺς
858 3510 921 3614 μὲν
943 3505 1001 3590 οὐχ
1021 3507 1112 3588 οἵους
1134 3534 1169 3576 τε

132 3591 230 3668 ὄντος
256 3591 413 3678 ἐξάρνους
441 3585 527 3658 εἶναι
550 3591 599 3700 trip
620 3587 659 3658 orl
677 3590 829 3680 χρήματα
853 3589 1064 3676 cicatricula,
1094 3589 1170 3656 τοὺ-

133 3699 211 3752 εοιις
237 3674 297 3754 μὲν
326 3668 434 3761 ἀφῆτε
462 3669 556 3763 ἀνδρὶ
583 3675 819 3764 εξοιοοομένῳ,
842 3673 920 3763 ἡμῖν
944 3673 985 3742 δὲ
1002 3669 1115 3752 nicola
1134 3699 1170 3740 τε

133 3756 328 3842 προθύμοις
361 3759 585 3861 γεγενημένοις
616 3761 696 3844 περὶ
723 3758 760 3822 τὸ
788 3760 923 3844 πλῆθος
949 3755 986 3821 τὸ
1013 3755 1169 3842 ὑμέτερον

102 3893 103 3896 ,
134 3839 190 3905 καὶ
214 3843 273 3906 τοῦ
301 3857 430 3926 ποτρος
452 3839 548 3907 οὐδὲν
568 3837 654 3918 ὑμᾶς
682 3837 893 3928 ιξθιιιιγκόιος,
923 3834 961 3904 οὖ
980 3846 1166 3928 χαριεῖσθε.

133 3924 215 3986 Vita
238 3927 349 4006 reliqua
370 3926 506 4001 exempla
528 3948 545 3985 a
566 3925 603 3985 G.
627 3925 783 3985 Diodorlio
807 3927 827 3984 l.
854 3927 874 3985 l.
897 3927 1001 3984 arllata.

222 4011 337 4088 Ηγουν
357 4019 452 4070 autam
472 4011 659 4086 particulam,
684 4027 770 4084 quam
792 4030 856 4069 esse
876 4013 1062 4084 compositam
1081 4029 1121 4068 cx
1139 4003 1169 4093 ἢ,
1203 4017 1325 4092 ‘'erovy,

133 4087 187 4171 γέ,
209 4082 266 4155 οὖν
287 4095 436 4168 particulis
457 4097 543 4157 facile
564 4095 759 4173 intellegitur,
786 4107 864 4154 recte
884 4095 1068 4172 grammatici
1086 4104 1168 4169 puto·
