3016 4580
227 162 234 172 ·
312 209 379 282 Μ
593 264 599 290 ,
786 207 882 301 γάρ.

135 384 296 470 Μ
313 366 1282 540 ,cruituraarumuictarum
1297 377 1358 544 ξιξ
1406 425 1411 436 ·

312 571 398 626 supra
418 548 544 610 vidimus
565 548 653 607 mado
673 549 705 607 iu
726 547 874 624 particulis
895 545 960 632 γὰρ
976 541 1028 631 δή.
1067 546 1119 609 Sic
1132 571 1254 611 ressesc
1268 551 1356 611 habet

311 637 344 696 in
373 632 505 695 Platonis
534 633 586 692 lib.
607 627 651 692 V.
677 633 711 692 dc
731 653 763 692 rc
781 633 894 710 publica
920 629 998 691 Part.
1018 631 1074 692 Ill.
1100 636 1160 694 vul.
1182 633 1207 694 l.
1228 657 1258 710 p.
1282 641 1355 696 266.

276 787 282 809 Ν
312 717 358 780 ei.
381 715 482 778 Bell.
502 737 532 790 p.
555 721 627 776 476.
649 715 696 776 ed.
719 715 760 776 Η.
779 714 881 791 Steph.
905 712 990 794 Ἔχει
1016 713 1079 800 γὰρ
1093 707 1165 795 ,οὖν
1191 714 1250 802 δή,
1280 713 1355 803 ἔφη,

312 796 429 876 οὕτως.
470 799 516 860 lbi
537 803 633 876 euim,
660 802 712 874 qui
733 802 877 875 explicata
898 797 1023 859 Socratis
1044 797 1296 877 argumentatione
1316 805 1357 862 ita

312 885 472 946 adsentitur
493 882 618 960 Glauco,
641 895 673 943 ut
691 883 788 944 dicat:
814 877 901 962 Ἔχει
921 878 984 966 γὰρ
1007 872 1065 948 οὖν
1087 881 1124 948 cl*
1150 881 1272 962 οὕτως,
1295 890 1357 962 pri-

310 989 392 1030 mum
415 968 532 1044 quidem
550 988 613 1027 rem
650 969 720 1028 ebus
740 971 783 1026 itu
798 969 980 1042 *comparatis
1000 969 1040 1026 ita
1064 989 1095 1026 se
1140 971 1227 1028 abarc
1252 973 1303 1046 ait,
1324 971 1356 1030 id

311 1052 391 1130 quud
420 1072 473 1128 per
501 989 675 1127 particudm
703 1047 766 1192 γὰὲ
797 1050 939 1126 declarat,
955 1079 958 1084 ·
974 1049 1079 1110 deinule
1110 1056 1267 1112 accuratius
1294 1075 1357 1114 rem

310 1139 400 1200 etiam
426 1137 516 1196 refert
539 1134 577 1194 ad
603 1135 652 1210 id,
681 1155 738 1210 quo
780 1155 855 1192 uunc
877 1144 994 1212 agatur,
1024 1135 1103 1210 quod
1125 1137 1194 1194 lacit
1214 1139 1356 1211 particula

310 1209 381 1295 οὖν,
404 1220 530 1294 denique
552 1221 637 1280 ctiam
654 1216 709 1277 hoe
730 1219 876 1292 significat
896 1220 953 1277 sibi
971 1219 1026 1278 lucc
1046 1222 1105 1278 iam
1117 1223 1158 1278 ita
1171 1221 1356 1294 exploratum

308 1304 416 1377 sideri,
439 1312 469 1362 ut
491 1323 539 1362 res
562 1305 647 1377 quasi
668 1313 809 1361 tractactu
831 1321 893 1361 csse
914 1300 1055 1378 videatur,
1078 1303 1109 1363 id
1130 1304 1208 1378 quod
1230 1304 1357 1380 deniqne

309 1387 427 1450 denatat
446 1387 587 1462 particula
608 1377 658 1470 δή.
700 1383 763 1446 Nec
786 1386 845 1444 alia
867 1406 967 1444 caussa
989 1395 1030 1446 est
1054 1387 1172 1447 alterius
1193 1387 1268 1463 luci,
1295 1409 1355 1462 quc

309 1493 378 1534 usus
400 1480 446 1530 ast
468 1469 685 1548 llccgereeuus
705 1491 735 1544 p:
761 1475 829 1529 107.
855 1469 900 1528 ed.
920 1466 1050 1544 Subita,
1075 1491 1114 1529 ex
1138 1471 1266 1531 eiusdem
1288 1471 1356 1530 Pla-

308 1558 388 1616 tccis
415 1555 468 1614 lib.
498 1555 531 1612 dc
560 1555 665 1631 lapibus
693 1551 749 1612 ΠΙ.
780 1551 857 1612 Part.
878 1552 933 1613 ΙΙΙ.
956 1555 1014 1616 vol.
1039 1552 1079 1613 ll.
1100 1575 1131 1628 p.
1153 1561 1214 1613 288
1237 1575 1283 1630 sq.
1307 1555 1354 1628 ed,

239 1657 244 1670 ⁸
308 1638 409 1701 Bckk.
430 1659 461 1713 p.
484 1643 557 1697 682.
579 1639 621 1696 A.
644 1636 690 1696 ci.
713 1636 752 1696 H.
777 1634 880 1712 Steph.
911 1633 1018 1718 Λέγει
1039 1631 1102 1720 γάρ
1123 1632 1163 1721 δὴ
1186 1640 1291 1702 ταῦτα
1311 1634 1353 1701 τὰ

310 1717 376 1806 ἔπη
399 1718 455 1784 καὶ
477 1717 585 1786 ἐκεῖνα
608 1709 630 1784 il
651 1717 732 1804 περὶ
752 1722 817 1782 τῶν
831 1713 1025 1782 Κυκλώπων
1043 1715 1154 1805 εἴρηκε
1171 1718 1255 1784 κατὰ
1270 1715 1354 1784 θεόν

309 1825 384 1881 πως
413 1797 569 1887 εἰρημένα
597 1800 654 1865 καὶ
681 1796 911 1886 κατὰφύσιν·
942 1804 1039 1866 θεῖον
1065 1801 1129 1886 γὰρ
1156 1792 1213 1865 οὖν
1234 1800 1274 1889 δὴ
1298 1800 1355 1868 καὶ

309 1884 348 1956 τὸ
377 1881 553 1969 ποιητικὸν
579 1880 824 1985 [ἐνθεαστικὸν]
850 1879 890 1946 ’ὃν
915 1882 1007 1966 γένος
1027 1877 1198 1970 ὑμνῳδοῦν
1220 1884 1354 1950 πολλῶν

309 1969 376 2034 τῶν
416 1959 489 2032 κατ’
526 1959 690 2053 ἀληθειαν
722 1963 917 2048 γιγνομένων
949 1961 1007 2044 ξύν
1037 1988 1105 2033 τισι
1137 1962 1266 2055 Χάρισι
1297 1965 1354 2034 καὶ

309 2045 470 2128 Μούσαις
491 2045 679 2137 ἐφάπτεται
701 2043 867 2114 ἑκάστοτε.
1239 2083 1242 2088 -

392 2136 486 2196 Porro
509 2140 535 2195 si
556 2137 770 2210 componuntur
783 2134 941 2208 particulae
959 2127 1022 2218 γάρ
1035 2154 1114 2210 που,
1135 2155 1192 2193 nun
1207 2137 1354 2210 mitigatur

309 2228 360 2282 aut
389 2223 560 2296 infringitur
586 2222 633 2279 vis
655 2219 836 2278 adfirmatiaa
857 2218 1016 2292 particulae
1036 2211 1117 2302 γάρ,
1148 2222 1191 2277 uti
1207 2239 1354 2294 gramma·

308 2309 373 2365 ticis
397 2305 569 2380 quibusdam
588 2305 683 2363 visum
705 2312 760 2380 eat,
780 2322 883 2361 verum
903 2301 935 2360 id
954 2301 1083 2376 quidem,
1104 2301 1140 2362 de
1162 2323 1219 2378 quc
1240 2303 1353 2378 licitur,

181 2381 186 2387 ’
307 2409 368 2448 uon
391 2391 486 2446 miuus
509 2409 597 2462 quam
616 2387 744 2461 simplici
764 2381 827 2486 γὰρ
842 2387 983 2461 particula
997 2387 1085 2444 etiam
1101 2394 1162 2444 tum
1174 2385 1353 2462 adfirmatur,

307 2472 387 2550 quod
406 2479 501 2529 autem
522 2471 665 2529 adiectum
687 2478 836 2544 catana,
863 2491 952 2544 quum
970 2490 989 2526 a
1009 2472 1154 2545 principio
1175 2471 1354 2544 significaret

307 2555 420 2625 alicubi,
442 2554 473 2615 id
493 2575 564 2613 mcx
585 2575 602 2612 a
620 2553 678 2614 luci
698 2552 910 2630 significatione
931 2553 1100 2612 translatum
1118 2554 1211 2613 estad
1225 2551 1352 2628 molum,

307 2655 366 2713 quc
393 2636 443 2712 iu,
471 2639 548 2714 quud
569 2639 714 2697 diceretur
736 2658 817 2712 csse,
838 2657 901 2697 sese
922 2636 1030 2697 habere
1050 2637 1208 2698 videretur.
1249 2635 1353 2712 ltaque

305 2721 362 2784 huc
394 2720 498 2782 (licitur
533 2724 693 2782 coniunctis
724 2724 788 2782 istiu
817 2723 981 2796 particulis:
1022 2724 1101 2781 Num
1133 2723 1229 2799 aliquo
1258 2721 1351 2791 murlo,

305 2826 376 2866 auae
403 2807 499 2888 aliquo
526 2808 619 2866 modo.
660 2803 743 2864 Istud
766 2812 863 2863 autern
885 2806 982 2881 αῑῑᾳιιο
1005 2805 1087 2865 modu
1108 2803 1281 2864 Latinorum
1304 2814 1354 2864 aut

307 2885 488 2948 Graecorum
512 2883 580 2950 ποὺ
604 2907 665 2944 nou
689 2895 748 2944 tarn
769 2889 896 2960 pertinet
916 2887 952 2945 ad
974 2887 1016 2964 id,
1037 2889 1137 2964 quod
1161 2911 1208 2947 rcs
1233 2889 1279 2959 sit,
1301 2887 1352 2946 sed

305 2991 378 3046 quc
401 2968 507 3027 mado
530 2971 579 3027 ait.
622 2967 711 3048 Quod
730 2988 818 3044 quum
839 2971 880 3029 ita
902 2973 956 3048 ait,
978 2992 1038 3031 nou
1060 2982 1117 3030 tam
1137 2970 1193 3029 lucc
1211 2973 1350 3028 incertum

305 3052 341 3111 iit
365 3051 474 3110 adiecta
501 3052 554 3110 illa
581 3072 671 3128 uoce,
699 3071 764 3112 ease
789 3075 869 3131 rem,
896 3055 947 3114 sed
977 3055 1050 3116 illud
1076 3056 1173 3127 potius
1200 3055 1232 3108 iu
1253 3051 1350 3110 medic

292 3136 500 3212 relinquitur,
523 3156 594 3212 quc
616 3136 804 3211 madores,
826 3139 862 3198 de
884 3159 941 3214 qua
962 3136 1144 3214 praedicatur
1165 3134 1288 3209 aliquid,
1309 3136 1351 3193 itu

306 3231 469 3294 comparatu
496 3241 561 3280 esse
585 3221 730 3282 uideatur.
772 3218 822 3281 Ac
850 3231 959 3279 tantum
985 3219 1082 3292 abest,
1112 3227 1145 3276 ut
1167 3215 1351 3280 adfirmative

183 3311 190 3320 “
304 3305 464 3380 particulae
486 3301 549 3388 γὰρ
573 3308 619 3366 vis
640 3306 816 3382 infringatur
835 3303 891 3362 hcc
911 3300 1015 3376 modu,
1041 3309 1074 3358 ut
1097 3301 1242 3361 interdum
1264 3299 1351 3361 etiarn

305 3387 442 3464 adaugeri
463 3391 605 3449 videatur.
648 3388 725 3449 Natu
748 3385 824 3462 quctl
845 3407 961 3462 quoquc
982 3383 1069 3443 modu
1092 3387 1139 3462 sit,
1166 3395 1261 3445 tamen
1286 3406 1350 3446 esse

246 3462 252 3475 Χ
304 3472 489 3548 adfirmatur,
510 3474 541 3532 id
561 3474 667 3532 lortius
686 3491 750 3530 csse
771 3471 890 3544 (licitur,
912 3491 998 3544 quarn
1023 3471 1048 3526 si
1073 3473 1182 3529 omissa
1204 3473 1260 3530 istu
1281 3491 1350 3530 ccu-
1417 3479 1429 3486 “

305 3555 420 3616 ulicicns
447 3558 616 3632 simpliciter
638 3573 702 3614 csse
725 3553 845 3612 dicatur.
888 3551 948 3612 scu
969 3551 1110 3628 quidquid
1130 3555 1162 3613 id
1183 3562 1244 3629 est,
1271 3552 1373 3628 qrrcl'

304 3640 445 3716 particula
466 3635 534 3703 ποὺ
557 3637 748 3714 significatur,
771 3636 888 3710 quade
912 3657 945 3696 rc
964 3657 1018 3697 suc
1041 3637 1103 3696 locu
1125 3640 1281 3697 accuratius
1305 3637 1348 3693 di·

304 3734 396 3799 cetur,
415 3731 493 3783 certa
513 3741 573 3780 ncu
591 3720 670 3780 ualet
690 3720 727 3780 ad
747 3719 952 3781 infirmandam
968 3721 1211 3782 adfirmatiuuem.
1252 3712 1297 3778 Ita
1315 3719 1349 3778 in

303 3809 343 3868 iis
363 3809 452 3882 lucis,
467 3826 548 3881 vquus
569 3803 784 3882 Hucgeueenus
805 3829 835 3881 p.
860 3811 919 3865 107
938 3826 985 3880 sq.
1008 3805 1160 3882 adposuit,
1180 3813 1213 3864 ut
1234 3802 1348 3877 cplnic·

304 3913 372 3952 uam
399 3911 482 3952 suana
508 3891 724 3967 comprobaret,
753 3891 830 3950 nihil
856 3893 919 3952 eius
948 3891 1043 3966 cuculi,
1072 3890 1151 3964 quud
1173 3887 1265 3950 uoluit
1284 3885 1348 3960 ille,

304 3978 478 4034 ccutiuctur.
521 3973 570 4036 Ac
588 3978 717 4054 primum
739 3977 857 4051 quidem
879 3977 911 4036 in
934 3973 1062 4034 Platonis
1079 3974 1209 4034 Pltuctlru
1224 3969 1305 4030 Part·
1321 3965 1348 4030 Ι.
1386 4001 1390 4006 -

306 4057 365 4116 rcl.
386 4055 465 4134 Lep.
488 4062 538 4122 98.
562 4059 728 4122 ed.·Bckk.
748 4081 777 4138 p.
792 4061 865 4124 275.
886 4057 933 4120 ed.
952 4056 994 4120 fl.
1007 4055 1123 4136 Stcplu,
1144 4057 1196 4120 ubi
1216 4053 1350 4118 Socratas
