2974 4588
549 220 675 297 ἄλλα.
1090 231 1135 304 25
1183 335 1193 346 .

88 407 144 481 nt,
173 401 211 464 ed
229 400 406 480 singularem
429 397 575 478 quendem
598 402 744 462 enuntiati
761 405 910 464 notionem
929 401 1022 466 relata
1042 405 1134 484 signi·

87 489 202 550 licetur.
244 486 298 548 Sic
317 490 352 548 in
368 485 422 548 illo
440 481 650 562 Aristophanis
668 485 733 546 loco
752 506 792 548 ex
805 487 934 548 Nobiles
948 509 977 550 r.
991 494 1052 550 399
1065 511 1133 566 sqq.

125 622 217 691 Ελπερ
235 613 327 686 βάλλει
345 613 409 676 τοῦς
426 611 584 684 ἐπιόρκους,
603 617 662 680 πῶς
680 613 742 687 οὗχλ
758 615 861 684 Σίμων)
882 617 1033 690 λνέπρηοεν

125 687 192 742 οὐδὲ
211 682 379 770 Κλεώνυμρν
396 682 462 740 οὐδὲ
472 687 611 770 ἱΘέαρον,Ι
628 690 717 739 καίτοι
733 683 886 770 ρφὸιλρναρ)
907 686 954 742 ald
975 689 1115 762 ἐπίορκοι·

125 754 197 810 ἀλλὰ
215 773 264 810 τον
280 773 361 810 coroa
378 771 411 824 γε
428 770 501 808 νιων
515 757 610 823 satta
623 757 670 808 καλ
682 758 803 811 Σουνιον
817 754 1054 830 ανρονἉθηνίοιν
1066 757 1133 828 κτλ,

92 898 157 954 quo
177 881 209 937 iu
230 877 293 938 looo
313 878 439 953 primum
454 875 597 953 particule
610 866 695 940 ἂλλολ
711 881 868 938 occurritur
880 881 1037 958 negationi,
1056 901 1134 957 quac

91 971 158 1022 eret
181 965 213 1022 in
240 961 418 1022 antecedenti
447 963 596 1036 oratione,
623 960 729 1022 deinde
752 963 894 1038 particula
915 960 952 1044 γὲ
974 963 1133 1044 decere,

89 1067 170 1122 quae
190 1047 276 1106 alteri
297 1053 472 1121 opponetur,
488 1047 529 1104 ite
549 1043 727 1122 adfirmatur,
747 1055 779 1106 ut
800 1050 887 1107 etiam
909 1049 935 1106 si
955 1049 988 1108 iu
1004 1070 1051 1110 res
1067 1057 1133 1110 ente

91 1139 329 1190 commemoratas
351 1127 420 1205 hoc,
442 1129 520 1204 qnod
542 1128 655 1204 dicitnr,
676 1150 737 1189 non
757 1129 849 1208 cadet,
871 1139 967 1191 temen
989 1136 1134 1208 pertinent

92 1213 130 1273 ed
161 1213 237 1273 hene
261 1213 441 1290 singularem
467 1233 547 1288 rem,
575 1216 621 1273 cui
648 1213 786 1290 deinceps
811 1225 897 1290 poete
923 1214 1021 1276 adiicit
1046 1220 1134 1278 etiam

92 1299 165 1358 alies
185 1319 242 1375 res,
262 1297 359 1358 velut:
381 1292 518 1360 Σούνιον
531 1288 634 1380 ἄκρον
644 1288 814 1382 Ἀθηνέων
830 1293 886 1362 καὶ
900 1291 961 1375 τὰς
977 1297 1058 1386 δρῦς
1072 1297 1135 1378 τὰς

91 1372 259 1462 μεγάλοις,-
284 1401 360 1457 quea
380 1381 503 1456 proinde
525 1380 626 1440 eodem
647 1381 709 1442 loco
729 1402 793 1462 esse
815 1383 1034 1444 existumaudaa
1056 1395 1133 1445 sunt.

91 1463 206 1524 Eadem
227 1486 297 1525 vero
318 1467 405 1524 etiam
426 1473 469 1524 eet
485 1463 588 1522 harum
609 1463 817 1540 particularum
834 1469 889 1543 vis,
910 1470 935 1526 si
951 1471 1043 1545 magis
1057 1472 1135 1530 iuter

91 1568 125 1608 aa
146 1551 324 1609 consociatae
343 1568 407 1608 esse
426 1547 572 1622 ridentur,
593 1558 625 1607 ut
648 1549 724 1624 apud
739 1537 911 1626 Euripidem
929 1551 961 1611 in
975 1554 1133 1632 lplsipeaio,

92 1652 166 1711 ραοο
186 1643 228 1692 cst
247 1633 350 1692 Aulide
373 1652 401 1693 r.
427 1637 506 1690 1011
529 1653 606 1707 sqq„
622 1633 677 1694 ‚ubi
697 1630 851 1693 Achilles:

296 1767 448 1834 Πελθωμεν
465 1749 547 1823 αὖθις
561 1763 667 1837 πατέρα
684 1763 792 1832 βέλτιον
809 1769 936 1839 φρονεῖν.

93 1881 150 1944 Cui
171 1885 329 1963 respondet
352 1883 600 1964 Clytaemestrae
662 1923 666 1927 ν

302 2012 394 2108 {sarda
411 2019 451 2078 sla
467 2015 525 2072 dors
542 2016 590 2070 καλ
606 2017 671 2072 λίαν
689 2019 787 2090 ταρβεῖ
801 2013 925 2092 στρατόν.

93 2135 192 2220 Quem
213 2141 254 2200 sic
274 2141 386 2216 excipit
406 2139 474 2199 illes

289 2267 357 2324 Ἀλλ’
379 2270 406 2326 ολ
422 2264 500 2340 λόγοι
516 2287 549 2339 γε
567 2270 802 2325 καταπαλαίουσιν
817 2264 935 2352 λόγονςῖ,

94 2389 198 2469 quilius
227 2391 325 2454 verbis
348 2389 405 2452 hoc
431 2392 621 2468 exprimiturs
654 2389 704 2452 At
730 2399 869 2471 temen,
896 2395 982 2454 etiem
1010 2395 1035 2456 si
1059 2395 1134 2464 illud

93 2497 196 2536 verum
223 2484 284 2552 est,
314 2472 393 2552 qnod
421 2476 509 2536 dicis:
544 2468 658 2551 Κριός
684 2469 735 2552 τίς
756 2472 827 2540 ἐστι
847 2473 903 2540 καλ
923 2475 998 2542 λίαν
1018 2481 1138 2565 ταρβεῖ

94 2551 253 2644 στρατόν,
281 2563 449 2620 rationes
477 2561 707 2634 (crationes)
736 2569 856 2635 certe,
882 2563 937 2622 etsi
961 2562 1029 2623 aliis
1047 2565 1133 2623 rebus

94 2663 153 2702 non
179 2643 268 2703 tacite
296 2647 469 2720 corrigetur,
496 2646 736 2704 convincunt
761 2646 940 2704 rationes
969 2649 1134 2720 (oratio-

93 2730 189 2799 nes).
237 2725 318 2788 Hinc
343 2728 452 2788 factum
480 2736 539 2802 est,
569 2733 602 2784 ut
627 2725 786 2800 particulae
814 2715 901 2788 ἀλλὰ
923 2759 960 2772 -
983 2725 1020 2807 γὲ
1045 2749 1135 2788 unam

91 2811 157 2870 sere
183 2815 349 2887 notionem,
379 2813 566 2886 compositam
592 2809 675 2868 illam
702 2808 820 2883 quidem
849 2829 888 2868 ex
913 2809 1022 2870 duabus
1043 2813 1135 2888 signi·

92 2895 289 2972 mationibus,
311 2899 480 2970 exprimere
494 2894 657 2969 rideantur,
673 2913 731 2968 que
743 2913 807 2951 cum
821 2893 920 2970 aliqua
933 2894 1134 2956 adfirmatione

91 2979 142 3040 rel
164 2983 266 3058 potius
294 2982 468 3054 exceptione
489 2978 600 3053 aliquid
624 2987 788 3052 opponatur
810 2977 1052 3040 antecedentibus.
1094 2977 1135 3041 Et

92 3065 135 3122 ita
155 3065 263 3140 evenit,
285 3073 317 3122 nt
335 3065 368 3122 iu
388 3067 449 3124 vita
470 3063 615 3122 communi
639 3070 688 3120 eut
709 3071 787 3121 certe
807 3061 916 3122 lebenti
939 3061 1051 3124 Graeco
1072 3085 1134 3123 ser-

91 3167 180 3207 mone
201 3150 290 3208 etiem
310 3149 479 3206 coniunctae
500 3152 709 3221 usurparentur
728 3165 782 3204 eee
802 3147 969 3222 particulae,
990 3169 1076 3224 quem
1097 3147 1135 3207 ed

90 3230 212 3290 modum
242 3233 274 3290 iu
308 3232 460 3305 evangelio
489 3229 588 3290 Lucae
620 3250 683 3304 cap.
708 3225 835 3288 xxlv.
868 3249 897 3290 v.
927 3238 977 3289 21.
1011 3233 1133 3307 legitera
1167 3285 1169 3292 ,

82 3305 205 3392 Ἡμεῖς
226 3309 263 3378 δὲ
291 3303 477 3393 'ludiariam
500 3309 554 3377 ὅτι
575 3303 676 3389 cirria
698 3309 785 3376 ἐστιν
806 3303 825 3376 ὃ
846 3309 976 3390 μέλλων
997 3311 1136 3398 λυτροῦ-

87 3397 178 3462 σθαι
197 3391 256 3459 τὸν
271 3338 422 3496 'degerim
444 3387 530 3496 ἄλλά
551 3417 588 3477 γε
609 3393 667 3498 οὐν
687 3394 771 3498 rados
788 3388 919 3472 τούτοις
930 3390 1043 3482 τρίτην
1056 3389 1135 3464 ταύ-

89 3501 152 3564 την
179 3471 306 3564 ἡμέραν
336 3501 410 3560 oyes
431 3499 588 3564 οημερον,
612 3469 669 3563 αφ’
694 3500 733 3542 ου
753 3477 858 3542 ταῦτα
879 3475 896 3544 ἐ
916 3478 1034 3557 tvnc,
1056 3479 1135 3556 quod

8 3635 10 3638 Ι
88 3583 152 3623 non
177 3565 272 3639 magis
293 3563 378 3623 debet
400 3563 558 3623 offensioni
581 3583 661 3638 esse,
688 3565 822 3638 quamsi
845 3503 916 3627 did
938 3553 1018 3650 ἄρα,
1047 3555 1136 3627 till-dt

87 3643 154 3732 γὰρ
180 3655 211 3705 et
233 3647 340 3705 similia
362 3649 514 3706 coniuncta
534 3647 691 3722 leguntur,
720 3647 825 3722 quibus
845 3649 877 3706 in
898 3648 970 3708 locis
990 3649 1135 3721 posterior

85 3730 234 3807 particula
256 3751 308 3805 eo,
330 3731 410 3806 quod
431 3731 541 3790 adiecta
561 3731 597 3790 ad
620 3721 706 3793 ἀλλὰ
727 3731 898 3806 perticulam
918 3737 976 3804 eat,
996 3749 1060 3790 cnm
1079 3725 1135 3783 hoc

86 3815 220 3889 deniqne
242 3814 279 3874 ad
297 3834 414 3874 omnem
428 3817 666 3890 enuntiationem,
687 3835 774 3891 qnam
789 3811 901 3874 inducit
914 3812 967 3871 illa
979 3805 1135 3886 particule,

87 3899 229 3976 pertinet.

176 4011 290 4073 Eadem
322 4035 421 4074 caussa
448 4021 492 4074 cst
518 4015 605 4074 etiam
631 4010 835 4086 particularum
860 3998 946 4072 ἀλλὰ
968 4043 1006 4054 -
1029 4002 1080 4090 γέ,
1108 4009 1135 4068 si

87 4097 209 4173 qnando
229 4100 261 4158 ln
283 4099 413 4175 elliptioo
434 4098 592 4176 particulae
614 4088 700 4162 ἀλλὰ
720 4113 791 4171 usn,
813 4092 864 4154 ubi
886 4093 1027 4168 particula
1048 4082 1134 4155 ἀλλὰ
