3016 4580
338 205 403 274 272
655 201 720 286 rt,
752 203 801 287 γέ
825 225 930 288 τοι,Ι
951 203 1069 290 γοῦν.

339 365 506 520 Ηοζέώο
523 367 583 434 ism
598 368 746 435 Homerus
762 372 875 434 locutae
892 381 947 452 est,
963 373 1056 436 veluti
1072 376 1105 437 in
1124 377 1384 452 circumlinit.
1494 379 1495 402 ³

338 477 367 520 r.
454 501 463 519 .

500 571 610 647 Παῦροι
626 565 681 646 γάρ
700 589 743 627 τοι
760 570 860 632 παῖδες
876 569 970 644 ὁμοῖοι
986 555 1070 658 uarpl
1086 575 1226 632 πέλονται.

337 693 448 838 midique
467 697 622 773 scriptores
635 694 720 754 multi
733 701 799 771 poet
809 716 886 772 eum,
907 703 940 756 ut
954 715 1001 756 res
1016 698 1162 775 exemplis
1174 700 1306 778 indigere
1321 717 1382 762 non
1495 705 1496 712 ’

275 789 283 799 “
337 783 367 841 ιί
389 789 479 840 eatar's

670 1253 940 1328 CAPUT
991 1257 1049 1328 Vl.

460 1430 520 1506 lle
556 1433 792 1530 particula
825 1435 893 1524 ri,
925 1436 1097 1526 ydros,
1128 1437 1252 1526 γοῦν.
1352 1407 1353 1412 ¹

273 1647 319 1700 rt.
422 1637 505 1718 Quas
537 1635 685 1697 Derarius
717 1657 749 1712 p.
785 1633 835 1699 tr.
868 1637 965 1713 posuit
994 1634 1149 1713 particulas
1180 1637 1304 1701 Latinas
1337 1639 1380 1714 ul,

225 1755 257 1807 P·
275 1755 319 1808 ὃ..
335 1720 446 1792 saltem,
468 1730 548 1792 carta
571 1731 602 1780 ut
623 1722 739 1791 doceret
765 1721 836 1796 qnid
855 1724 976 1796 proprie
995 1724 1136 1798 particula
1158 1719 1194 1806 γὲ
1213 1725 1381 1802 significare

336 1805 491 1880 videretur,
514 1824 567 1864 aae
589 1825 763 1880 quamquam
786 1805 844 1863 alia
865 1806 923 1863 alio
946 1806 1010 1865 loco
1031 1828 1084 1881 pro
1107 1805 1219 1866 Graece
1239 1808 1381 1883 particula

274 1931 282 1950 ι
336 1891 473 1949 substitui
496 1897 631 1964 possunt,
651 1891 693 1946 ita
713 1898 820 1963 tamen,
842 1909 931 1962 quom
953 1893 1077 1964 primam
1093 1893 1265 1950 acnatiram
1280 1913 1382 1952 aarum

335 1975 396 2035 rirn
428 1993 461 2031 ac
487 1979 660 2047 potestatem
687 1981 868 2048 spectamur,
900 1976 979 2032 inter
1006 1993 1039 2035 se
1066 1974 1248 2051 discrepant,
1284 1985 1316 2034 ut
1342 1975 1381 2034 sd
1410 2019 1415 2030 ,

335 2076 434 2118 ueram
453 2060 513 2116 rim
535 2077 567 2115 ao
588 2064 720 2114 naturam
740 2056 898 2131 particulae
919 2053 956 2137 γὲ
976 2058 1204 2134 cognoscendam
1224 2079 1284 2118 non
1304 2060 1381 2118 muld

241 2195 247 2206 .
336 2149 397 2201 tum
430 2141 547 2200 adferre
575 2141 738 2200 videantur.
792 2138 891 2219 Quam
923 2142 960 2199 ob
990 2162 1052 2200 rem
1083 2144 1196 2202 tametsi
1224 2142 1380 2202 admodum

336 2225 454 2286 difficile
472 2233 518 2285 est
537 2246 570 2283 ac
590 2224 742 2298 lubricam,
762 2225 795 2282 in
817 2222 862 2283 his
884 2228 1056 2298 praesertim
1068 2225 1216 2301 particulis
1229 2229 1381 2302 orationis,

336 2331 460 2385 quarum
489 2311 583 2383 prima
607 2310 652 2368 vis
680 2317 768 2382 atque
797 2308 914 2367 interna
940 2317 1045 2367 natura
1073 2309 1216 2368 cotidiana
1237 2309 1380 2386 loquendi

336 2391 544 2464 cousuetudine
565 2399 594 2450 et
612 2392 833 2466 frequentiora
852 2412 913 2450 non
934 2413 1000 2452 raro
1021 2413 1140 2469 prorsus
1161 2397 1314 2454 evanuisse
1333 2395 1380 2454 ri·

337 2477 455 2553 deatur,
489 2477 632 2550 originem
661 2477 784 2549 primam
813 2487 842 2534 et
868 2476 1233 2537 naturam‘vocabulornnu
1262 2499 1302 2538 ex
1328 2479 1381 2536 ob·

220 2579 223 2588 ¹
335 2564 430 2632 scuris
457 2562 636 2636 antiquitatis
663 2559 779 2618 indiciis
807 2579 910 2619 eruere
938 2569 1027 2635 atque
1053 2564 1251 2639 investigare,
1281 2571 1380 2622 tamen

335 2645 501 2716 faciendum
521 2663 588 2705 ease
608 2641 733 2719 ridetur,
754 2653 786 2702 ut
806 2661 865 2702 non
887 2652 946 2702 tam
965 2646 1168 2706 similitudines
1189 2647 1312 2706 aliarum
1322 2645 1380 2706 tina

314 2749 458 2806 -guarum
478 2749 663 2804 quaeramur,
686 2731 790 2804 quibus
810 2731 855 2788 ric
877 2729 1036 2803 particulae
1048 2725 1085 2810 γε’
1099 2730 1270 2804 declaretur,
1291 2749 1381 2804 quam

335 2817 428 2890 ipsius
454 2818 553 2889 potius
577 2813 711 2873 vocabuli
733 2814 896 2887 originem,
924 2811 1020 2886 quoad
1042 2815 1106 2872 eiua
1126 2813 1192 2873 fiori
1217 2825 1323 2892 quem,
1351 2821 1380 2874 et

335 2901 464 2957 nativam
486 2905 662 2973 potestatem
683 2895 873 2969 explicemus.

419 2980 466 3040 Ac
495 2984 622 3056 primum
649 2978 769 3055 quidem
797 2975 990 3038 consideranti
1019 2975 1091 3037 milri
1118 2998 1152 3036 ec
1179 2997 1292 3038 mecum
1311 2997 1380 3052 par·

334 3063 474 3140 pendenti
497 3067 558 3124 rim
579 3063 737 3139 particulae
759 3057 811 3142 γέ,
843 3083 984 3137 quarem
1006 3063 1173 3136 quampiam
1193 3062 1307 3128 omispir
1332 3080 1379 3120 ca.

336 3151 407 3210 teris
434 3150 519 3209 rebus
546 3151 630 3224 quasi
656 3148 854 3208 certissumam
881 3166 991 3221 ponere
1015 3141 1180 3218 videretur,
1214 3162 1276 3202 vox
1301 3139 1337 3226 γὲ
1361 3165 1380 3202 a

334 3236 478 3308 principio
499 3233 575 3292 nilril
594 3230 675 3292 aliud
695 3233 759 3290 uisa
780 3241 824 3288 est
844 3229 1076 3304 aignilicariase,
1105 3227 1165 3286 nisi
1186 3226 1298 3303 aliquid
1318 3251 1380 3290 non
1422 3267 1425 3274 ·

335 3317 395 3374 iam
423 3319 454 3372 in
485 3319 622 3390 opinione
651 3314 820 3388 homiuum,
849 3310 900 3372 sed
927 3313 1045 3384 inipso
1066 3309 1143 3368 facto
1166 3321 1317 3388 constare,
1347 3322 1379 3372 ut

336 3417 400 3458 eam
419 3419 517 3456 rocem
540 3399 697 3476 exaliqua
721 3398 814 3472 fonte,
838 3415 926 3471 quem
948 3413 1127 3454 communem
1145 3393 1296 3456 habuisset
1315 3417 1377 3456 cum

272 3521 289 3536 ι
335 3477 585 3554 ιιιΙιο.ΙἘΝΩ,
613 3480 691 3538 uude
717 3483 805 3538 etiam
832 3475 1019 3561 uomen.ye'ot
1042 3481 1106 3538 'stre
1127 3479 1166 3562 γῆ
1188 3479 1311 3540 fluxisse
1333 3481 1377 3536 vi·

330 3566 467 3642 deretur,
498 3583 646 3624 emanasse
673 3571 817 3639 putarem.
866 3560 912 3621 lta
938 3559 975 3644 γὲ
1002 3583 1055 3638 per
1079 3583 1111 3621 se
1141 3584 1206 3622 rem
1233 3573 1377 3636 tamquam

335 3653 532 3712 corticeumsm
552 3667 663 3725 ponere
683 3645 843 3722 videbatur,
865 3649 975 3722 quippe
994 3646 1029 3705 de
1049 3668 1107 3723 qua
1128 3647 1194 3722 ipso
1211 3648 1290 3706 iacto
1308 3663 1378 3712 eon-

335 3746 437 3812 staret,
460 3734 545 3809 quasi
569 3729 668 3792 no'stra
689 3731 792 3807 lingua
813 3731 939 3790 diceresr
965 3734 997 3790 irs
1016 3731 1065 3790 der
1088 3732 1172 3800 ttius,
1193 3734 1302 3805 parom,
1327 3735 1378 3786 aut

334 3819 443 3882 Latina
463 3827 544 3890 certe,
568 3819 689 3892 antiqua
710 3837 743 3876 ac
762 3836 831 3875 rere
851 3815 1010 3891 particulae
1031 3815 1254 3890 significatione.

419 3902 479 3966 Sed
504 3913 601 3964 tamen
625 3923 715 3978 quom
740 3899 869 3962 riderem
896 3922 928 3959 ao
952 3907 1119 3976 reputarem
1142 3900 1264 3972 primam
1286 3895 1379 3970 illanc,

336 4011 423 4064 quam
444 4009 501 4065 ego
524 3990 706 4064 statuissem,
737 4006 770 4045 ae
794 3986 954 4045 naturalem
977 3986 1039 4044 vim
1064 3983 1222 4056 particulae
1245 3976 1281 4062 γὲ
1302 4001 1380 4038 nnnc

337 4071 455 4144 quidem
473 4073 504 4129 in
523 4073 638 4146 scriptia
652 4079 783 4132 veterum
792 4067 971 4130 Graecorum
985 4067 1037 4128 rix
1052 4086 1139 4142 posse
1151 4067 1278 4143 agnosci,
1301 4064 1381 4140 quod
