<?xml version="1.0" encoding="UTF-8"?>
<!DOCTYPE html PUBLIC "-//W3C//DTD XHTML 1.0 Transitional//EN"
    "http://www.w3.org/TR/xhtml1/DTD/xhtml1-transitional.dtd">
<html xmlns="http://www.w3.org/1999/xhtml" xml:lang="en" lang="en">
 <head>
  <title>
</title>
<meta http-equiv="Content-Type" content="text/html;charset=utf-8" />
  <meta name='ocr-system' content='tesseract 3.04.00' />
  <meta name='ocr-capabilities' content='ocr_page ocr_carea ocr_par ocr_line ocrx_word'/>
</head>
<body>
  <div class='ocr_page' id='page_1' title='image "./matthaeidevarii00klotgoog_0349.png"; bbox 0 0 3012 4580; ppageno 0'>
   <div class='ocr_carea' id='block_1_1' title="bbox 338 251 1069 338">
    <p class='ocr_par' dir='ltr' id='par_1_1' title="bbox 338 251 1069 338">
     <span class='ocr_line' id='line_1_1' title="bbox 338 251 1069 338; baseline -0.012 -11"><span class='ocrx_word' id='word_1_1' title='bbox 338 256 408 328; x_wconf 77' lang='lat'><strong>³38.</strong></span> <span class='ocrx_word' id='word_1_2' title='bbox 652 251 718 336; x_wconf 73' lang='grc' dir='ltr'><strong>γέ,</strong></span> <span class='ocrx_word' id='word_1_3' title='bbox 751 252 799 336; x_wconf 76' lang='grc' dir='ltr'><strong>γέ</strong></span> <span class='ocrx_word' id='word_1_4' title='bbox 825 275 919 331; x_wconf 81' lang='lat' dir='ltr'><strong>scr,</strong></span> <span class='ocrx_word' id='word_1_5' title='bbox 952 253 1069 338; x_wconf 79' lang='grc' dir='ltr'><strong>γοῦν.</strong></span> 
     </span>
    </p>
   </div>
   <div class='ocr_carea' id='block_1_2' title="bbox 339 421 1487 762">
    <p class='ocr_par' dir='ltr' id='par_1_2' title="bbox 339 347 1487 762">
     <span class='ocr_line' id='line_1_2' title="bbox 339 421 1395 505; baseline -0.002 -13"><span class='ocrx_word' id='word_1_6' title='bbox 339 427 427 492; x_wconf 79' lang='lat' dir='ltr'><strong>sacile</strong></span> <span class='ocrx_word' id='word_1_7' title='bbox 443 431 573 504; x_wconf 83' lang='lat' dir='ltr'><strong>apparet.</strong></span> <span class='ocrx_word' id='word_1_8' title='bbox 610 421 698 505; x_wconf 77' lang='lat' dir='ltr'><strong>Quod</strong></span> <span class='ocrx_word' id='word_1_9' title='bbox 712 442 794 484; x_wconf 86' lang='lat' dir='ltr'><strong>seces</strong></span> <span class='ocrx_word' id='word_1_10' title='bbox 810 429 865 498; x_wconf 90' lang='lat' dir='ltr'><strong>est,</strong></span> <span class='ocrx_word' id='word_1_11' title='bbox 887 424 911 482; x_wconf 86' lang='lat' dir='ltr'><strong>si</strong></span> <span class='ocrx_word' id='word_1_12' title='bbox 927 423 1072 498; x_wconf 85' lang='lat' dir='ltr'><strong>praecedit</strong></span> <span class='ocrx_word' id='word_1_13' title='bbox 1084 423 1143 486; x_wconf 89' lang='lat' dir='ltr'><strong>tals</strong></span> <span class='ocrx_word' id='word_1_14' title='bbox 1155 425 1287 502; x_wconf 74' lang='lat' dir='ltr'><strong>verbnm,</strong></span> <span class='ocrx_word' id='word_1_15' title='bbox 1308 428 1395 504; x_wconf 81' lang='lat' dir='ltr'><strong>qnod</strong></span> 
     </span>
     <span class='ocr_line' id='line_1_3' title="bbox 340 505 1487 591; baseline -0.002 -19"><span class='ocrx_word' id='word_1_16' title='bbox 340 517 438 578; x_wconf 82' lang='lat' dir='ltr'><strong>mines</strong></span> <span class='ocrx_word' id='word_1_17' title='bbox 457 533 521 570; x_wconf 91' lang='lat' dir='ltr'><strong>cum</strong></span> <span class='ocrx_word' id='word_1_18' title='bbox 544 509 684 585; x_wconf 89' lang='lat' dir='ltr'><strong>particula</strong></span> <span class='ocrx_word' id='word_1_19' title='bbox 705 509 855 568; x_wconf 72' lang='lat' dir='ltr'><strong>coalescat.</strong></span> <span class='ocrx_word' id='word_1_20' title='bbox 897 505 949 566; x_wconf 88' lang='lat' dir='ltr'><strong>Sic</strong></span> <span class='ocrx_word' id='word_1_21' title='bbox 971 511 1051 567; x_wconf 91' lang='lat' dir='ltr'><strong>enim</strong></span> <span class='ocrx_word' id='word_1_22' title='bbox 1067 527 1128 584; x_wconf 82' lang='lat' dir='ltr'><strong>qno</strong></span> <span class='ocrx_word' id='word_1_23' title='bbox 1144 511 1332 570; x_wconf 85' lang='lat' dir='ltr'><strong>referendum</strong></span> <span class='ocrx_word' id='word_1_24' title='bbox 1350 509 1395 591; x_wconf 74' lang='grc' dir='ltr'><strong>γὲ</strong></span> <span class='ocrx_word' id='word_1_25' title='bbox 1486 513 1487 580; x_wconf 71' lang='lat' dir='ltr'><strong>l</strong></span> 
     </span>
     <span class='ocr_line' id='line_1_4' title="bbox 341 587 1487 672; baseline -0.002 -16"><span class='ocrx_word' id='word_1_26' title='bbox 341 607 432 671; x_wconf 82' lang='lat' dir='ltr'><strong>esset,</strong></span> <span class='ocrx_word' id='word_1_27' title='bbox 459 598 556 656; x_wconf 83' lang='lat' dir='ltr'><strong>minus</strong></span> <span class='ocrx_word' id='word_1_28' title='bbox 583 601 714 654; x_wconf 84' lang='lat' dir='ltr'><strong>exstaret</strong></span> <span class='ocrx_word' id='word_1_29' title='bbox 741 594 839 666; x_wconf 84' lang='lat' dir='ltr'><strong>itaque</strong></span> <span class='ocrx_word' id='word_1_30' title='bbox 867 593 963 650; x_wconf 84' lang='lat' dir='ltr'><strong>miuus</strong></span> <span class='ocrx_word' id='word_1_31' title='bbox 985 596 1125 651; x_wconf 82' lang='lat' dir='ltr'><strong>concinna</strong></span> <span class='ocrx_word' id='word_1_32' title='bbox 1145 605 1223 654; x_wconf 87' lang='lat' dir='ltr'><strong>esset</strong></span> <span class='ocrx_word' id='word_1_33' title='bbox 1242 597 1391 670; x_wconf 75' lang='lat' dir='ltr'><strong>cretio&#39;).</strong></span> <span class='ocrx_word' id='word_1_34' title='bbox 1486 587 1487 672; x_wconf 73' lang='lat' dir='ltr'><strong>l</strong></span> 
     </span>
     <span class='ocr_line' id='line_1_5' title="bbox 341 675 1391 762; baseline 0 -22"><span class='ocrx_word' id='word_1_35' title='bbox 341 683 441 762; x_wconf 83' lang='lat' dir='ltr'><strong>Quam</strong></span> <span class='ocrx_word' id='word_1_36' title='bbox 461 682 498 740; x_wconf 85' lang='lat' dir='ltr'><strong>ob</strong></span> <span class='ocrx_word' id='word_1_37' title='bbox 519 699 582 738; x_wconf 90' lang='lat' dir='ltr'><strong>rem</strong></span> <span class='ocrx_word' id='word_1_38' title='bbox 603 680 637 737; x_wconf 91' lang='lat' dir='ltr'><strong>in</strong></span> <span class='ocrx_word' id='word_1_39' title='bbox 659 675 869 754; x_wconf 79' lang='lat' dir='ltr'><strong>Aristophanis</strong></span> <span class='ocrx_word' id='word_1_40' title='bbox 894 675 1013 751; x_wconf 86' lang='lat' dir='ltr'><strong>quidem</strong></span> <span class='ocrx_word' id='word_1_41' title='bbox 1032 679 1239 738; x_wconf 77' lang='lat' dir='ltr'><strong>Eccleeiozssis</strong></span> <span class='ocrx_word' id='word_1_42' title='bbox 1260 698 1290 739; x_wconf 89' lang='lat' dir='ltr'><strong>r.</strong></span> <span class='ocrx_word' id='word_1_43' title='bbox 1313 681 1391 742; x_wconf 76' lang='grc'><strong>195.</strong></span> 
     </span>
    </p>
   </div>
   <div class='ocr_carea' id='block_1_3' title="bbox 318 759 1487 1468">
    <p class='ocr_par' dir='ltr' id='par_1_3' title="bbox 318 759 1487 1468">
     <span class='ocr_line' id='line_1_6' title="bbox 340 759 1487 832; baseline -0.015 0"><span class='ocrx_word' id='word_1_44' title='bbox 340 768 391 832; x_wconf 83' lang='lat' dir='ltr'><strong>obi</strong></span> <span class='ocrx_word' id='word_1_45' title='bbox 412 764 483 826; x_wconf 87' lang='lat' dir='ltr'><strong>beec</strong></span> <span class='ocrx_word' id='word_1_46' title='bbox 503 761 664 824; x_wconf 65' lang='lat' dir='ltr'><strong>habentur}</strong></span> <span class='ocrx_word' id='word_1_47' title='bbox 688 781 690 786; x_wconf 84' lang='lat'><em>·</em></span> <span class='ocrx_word' id='word_1_48' title='bbox 1486 759 1487 808; x_wconf 81' lang='lat' dir='ltr'><strong>l</strong></span> 
     </span>
     <span class='ocr_line' id='line_1_7' title="bbox 802 817 1487 924; baseline -0.001 -30"><span class='ocrx_word' id='word_1_49' title='bbox 802 837 882 907; x_wconf 74' lang='lat' dir='ltr'><strong>Mpd’</strong></span> <span class='ocrx_word' id='word_1_50' title='bbox 902 838 994 901; x_wconf 72' lang='grc' dir='ltr'><strong><em>ἐθίζου</em></strong></span> <span class='ocrx_word' id='word_1_51' title='bbox 1014 841 1066 894; x_wconf 82' lang='grc' dir='ltr'><strong>νῦν</strong></span> <span class='ocrx_word' id='word_1_52' title='bbox 1082 842 1182 924; x_wconf 73' lang='lat' dir='ltr'><strong>ltysw.</strong></span> <span class='ocrx_word' id='word_1_53' title='bbox 1486 817 1487 872; x_wconf 68' lang='lat' dir='ltr'><strong>l</strong></span> 
     </span>
     <span class='ocr_line' id='line_1_8' title="bbox 528 899 1201 980; baseline -0.003 -16"><span class='ocrx_word' id='word_1_54' title='bbox 528 907 566 964; x_wconf 87' lang='grc' dir='ltr'><strong>Τὸ</strong></span> <span class='ocrx_word' id='word_1_55' title='bbox 584 904 760 980; x_wconf 82' lang='grc' dir='ltr'><em>συμμαχικὸν</em></span> <span class='ocrx_word' id='word_1_56' title='bbox 776 899 813 962; x_wconf 78' lang='lat' dir='ltr'><strong>ud</strong></span> <span class='ocrx_word' id='word_1_57' title='bbox 831 906 916 976; x_wconf 71' lang='grc' dir='ltr'>τοῦθ’,</span> <span class='ocrx_word' id='word_1_58' title='bbox 935 904 975 962; x_wconf 80' lang='grc' dir='ltr'><strong>ὅτ’</strong></span> <span class='ocrx_word' id='word_1_59' title='bbox 995 909 1201 979; x_wconf 72' lang='grc' dir='ltr'><strong>ἔσκοπουμεθα,</strong></span> 
     </span>
     <span class='ocr_line' id='line_1_9' title="bbox 524 973 1196 1049; baseline -0.001 -16"><span class='ocrx_word' id='word_1_60' title='bbox 524 983 549 1033; x_wconf 81' lang='lat' dir='ltr'><strong>tl</strong></span> <span class='ocrx_word' id='word_1_61' title='bbox 565 977 604 1049; x_wconf 86' lang='grc' dir='ltr'><strong>μὴ</strong></span> <span class='ocrx_word' id='word_1_62' title='bbox 620 975 734 1047; x_wconf 74' lang='grc' dir='ltr'><strong>γένοιτ’,</strong></span> <span class='ocrx_word' id='word_1_63' title='bbox 757 974 872 1032; x_wconf 74' lang='grc' dir='ltr'><em>ἀπολεῖν</em></span> <span class='ocrx_word' id='word_1_64' title='bbox 889 978 1013 1047; x_wconf 71' lang='grc' dir='ltr'><em>ἔφασκον</em></span> <span class='ocrx_word' id='word_1_65' title='bbox 1032 975 1080 1045; x_wconf 69' lang='grc' dir='ltr'><strong>τὴν</strong></span> <span class='ocrx_word' id='word_1_66' title='bbox 1097 973 1196 1032; x_wconf 73' lang='grc' dir='ltr'><strong>πόλιν·</strong></span> 
     </span>
     <span class='ocr_line' id='line_1_10' title="bbox 523 1039 1487 1126; baseline -0.006 -25"><span class='ocrx_word' id='word_1_67' title='bbox 523 1044 566 1102; x_wconf 77' lang='grc' dir='ltr'><strong>ὅτε</strong></span> <span class='ocrx_word' id='word_1_68' title='bbox 584 1042 618 1114; x_wconf 73' lang='grc' dir='ltr'><strong>δή</strong></span> <span class='ocrx_word' id='word_1_69' title='bbox 635 1045 664 1116; x_wconf 81' lang='grc' dir='ltr'><strong>γ’</strong></span> <span class='ocrx_word' id='word_1_70' title='bbox 686 1043 799 1114; x_wconf 66' lang='grc' dir='ltr'><strong>ἐγένετ’,</strong></span> <span class='ocrx_word' id='word_1_71' title='bbox 818 1039 938 1114; x_wconf 67' lang='lat' dir='ltr'><strong>ippdcrso</strong></span> <span class='ocrx_word' id='word_1_72' title='bbox 955 1046 1009 1099; x_wconf 77' lang='grc' dir='ltr'><strong>κιὲ.</strong></span> <span class='ocrx_word' id='word_1_73' title='bbox 1116 1112 1125 1126; x_wconf 29' lang='lat' dir='ltr'>x</span> <span class='ocrx_word' id='word_1_74' title='bbox 1486 1113 1487 1122; x_wconf 11' lang='grc' dir='ltr'>ἵ</span> 
     </span>
     <span class='ocr_line' id='line_1_11' title="bbox 339 1129 1487 1216; baseline -0.01 -16"><span class='ocrx_word' id='word_1_75' title='bbox 339 1137 487 1215; x_wconf 67' lang='lat' dir='ltr'><strong>volgatam</strong></span> <span class='ocrx_word' id='word_1_76' title='bbox 509 1131 696 1210; x_wconf 79' lang='lat' dir='ltr'><strong>scripturam&#39;,</strong></span> <span class='ocrx_word' id='word_1_77' title='bbox 725 1155 812 1208; x_wconf 83' lang='lat' dir='ltr'><strong>quam</strong></span> <span class='ocrx_word' id='word_1_78' title='bbox 835 1135 1036 1216; x_wconf 86' lang='lat' dir='ltr'><strong>comprobavit</strong></span> <span class='ocrx_word' id='word_1_79' title='bbox 1063 1135 1151 1194; x_wconf 88' lang='lat' dir='ltr'><strong>etiam</strong></span> <span class='ocrx_word' id='word_1_80' title='bbox 1175 1133 1246 1194; x_wconf 80' lang='lat' dir='ltr'><strong>libri</strong></span> <span class='ocrx_word' id='word_1_81' title='bbox 1265 1129 1386 1192; x_wconf 81' lang='lat' dir='ltr'><strong>Rauen·</strong></span> <span class='ocrx_word' id='word_1_82' title='bbox 1486 1197 1487 1202; x_wconf 7' lang='grc' dir='ltr'>ἵ</span> 
     </span>
     <span class='ocr_line' id='line_1_12' title="bbox 339 1217 1386 1294; baseline -0.008 -13"><span class='ocrx_word' id='word_1_83' title='bbox 339 1225 417 1281; x_wconf 87' lang='lat' dir='ltr'><strong>netis</strong></span> <span class='ocrx_word' id='word_1_84' title='bbox 446 1221 657 1293; x_wconf 86' lang='lat' dir='ltr'><strong>testimonium,</strong></span> <span class='ocrx_word' id='word_1_85' title='bbox 684 1238 742 1275; x_wconf 88' lang='grc' dir='ltr'><strong>ιιοιι</strong></span> <span class='ocrx_word' id='word_1_86' title='bbox 770 1217 876 1276; x_wconf 78' lang='lat' dir='ltr'><strong>salsam</strong></span> <span class='ocrx_word' id='word_1_87' title='bbox 903 1219 1171 1293; x_wconf 65' lang='lat' dir='ltr'><strong>pronuntiaverim,</strong></span> <span class='ocrx_word' id='word_1_88' title='bbox 1208 1237 1386 1294; x_wconf 84' lang='lat' dir='ltr'><strong>quamquem</strong></span> 
     </span>
     <span class='ocr_line' id='line_1_13' title="bbox 318 1289 1487 1384; baseline -0.003 -20"><span class='ocrx_word' id='word_1_89' title='bbox 318 1305 419 1381; x_wconf 68' lang='lat' dir='ltr'><strong>‘quod</strong></span> <span class='ocrx_word' id='word_1_90' title='bbox 444 1306 514 1363; x_wconf 80' lang='lat' dir='ltr'><strong>libri</strong></span> <span class='ocrx_word' id='word_1_91' title='bbox 542 1301 669 1361; x_wconf 84' lang='lat' dir='ltr'><strong>Parisini</strong></span> <span class='ocrx_word' id='word_1_92' title='bbox 695 1310 724 1360; x_wconf 92' lang='lat' dir='ltr'><strong>et</strong></span> <span class='ocrx_word' id='word_1_93' title='bbox 753 1299 971 1360; x_wconf 74' lang='lat' dir='ltr'><strong>Laurentianus</strong></span> <span class='ocrx_word' id='word_1_94' title='bbox 1001 1301 1161 1361; x_wconf 81' lang='lat' dir='ltr'><strong>exhibent:</strong></span> <span class='ocrx_word' id='word_1_95' title='bbox 1190 1297 1247 1366; x_wconf 76' lang='lat' dir='ltr'><strong>lita</strong></span> <span class='ocrx_word' id='word_1_96' title='bbox 1276 1297 1315 1384; x_wconf 71' lang='grc' dir='ltr'><strong>δὴ</strong></span> <span class='ocrx_word' id='word_1_97' title='bbox 1347 1289 1380 1362; x_wconf 71' lang='grc' dir='ltr'><strong>δ’</strong></span> <span class='ocrx_word' id='word_1_98' title='bbox 1486 1315 1487 1382; x_wconf 60' lang='grc' dir='ltr'>ᾗ</span> 
     </span>
     <span class='ocr_line' id='line_1_14' title="bbox 341 1382 1487 1468; baseline -0.01 -17"><span class='ocrx_word' id='word_1_99' title='bbox 341 1385 482 1468; x_wconf 72' lang='grc' dir='ltr'><strong>ἐγένετο,</strong></span> <span class='ocrx_word' id='word_1_100' title='bbox 512 1408 565 1462; x_wconf 88' lang='lat' dir='ltr'><strong>per</strong></span> <span class='ocrx_word' id='word_1_101' title='bbox 593 1407 655 1446; x_wconf 89' lang='lat' dir='ltr'><strong>sese</strong></span> <span class='ocrx_word' id='word_1_102' title='bbox 681 1394 799 1460; x_wconf 87' lang='lat' dir='ltr'><strong>optume</strong></span> <span class='ocrx_word' id='word_1_103' title='bbox 825 1385 898 1443; x_wconf 77' lang='lat' dir='ltr'><strong>ferri</strong></span> <span class='ocrx_word' id='word_1_104' title='bbox 921 1388 954 1444; x_wconf 90' lang='lat' dir='ltr'><strong>in</strong></span> <span class='ocrx_word' id='word_1_105' title='bbox 978 1406 1012 1445; x_wconf 89' lang='lat' dir='ltr'><strong>eo</strong></span> <span class='ocrx_word' id='word_1_106' title='bbox 1033 1386 1098 1446; x_wconf 89' lang='lat' dir='ltr'><strong>loco</strong></span> <span class='ocrx_word' id='word_1_107' title='bbox 1120 1394 1224 1460; x_wconf 87' lang='lat' dir='ltr'><strong>potest.</strong></span> <span class='ocrx_word' id='word_1_108' title='bbox 1266 1382 1332 1442; x_wconf 87' lang='lat' dir='ltr'><strong>Hoc</strong></span> <span class='ocrx_word' id='word_1_109' title='bbox 1354 1392 1386 1440; x_wconf 87' lang='lat' dir='ltr'><strong>ut</strong></span> <span class='ocrx_word' id='word_1_110' title='bbox 1486 1389 1487 1434; x_wconf 66' lang='lat' dir='ltr'><strong>i</strong></span> 
     </span>
    </p>
   </div>
   <div class='ocr_carea' id='block_1_4' title="bbox 234 1469 1487 1634">
    <p class='ocr_par' dir='ltr' id='par_1_4' title="bbox 234 1469 1487 1634">
     <span class='ocr_line' id='line_1_15' title="bbox 248 1469 1487 1556; baseline -0.008 -21"><span class='ocrx_word' id='word_1_111' title='bbox 248 1545 254 1552; x_wconf 84' lang='lat'>.</span> <span class='ocrx_word' id='word_1_112' title='bbox 340 1475 383 1534; x_wconf 82' lang='lat' dir='ltr'><strong>ita</strong></span> <span class='ocrx_word' id='word_1_113' title='bbox 405 1475 581 1532; x_wconf 75' lang='lat' dir='ltr'><strong>existumem</strong></span> <span class='ocrx_word' id='word_1_114' title='bbox 601 1473 712 1530; x_wconf 83' lang='lat' dir='ltr'><strong>faciunt</strong></span> <span class='ocrx_word' id='word_1_115' title='bbox 732 1471 795 1530; x_wconf 83' lang='lat' dir='ltr'><strong>lere</strong></span> <span class='ocrx_word' id='word_1_116' title='bbox 811 1469 877 1542; x_wconf 88' lang='lat' dir='ltr'><strong>loci,</strong></span> <span class='ocrx_word' id='word_1_117' title='bbox 901 1489 974 1545; x_wconf 87' lang='lat' dir='ltr'><strong>quos</strong></span> <span class='ocrx_word' id='word_1_118' title='bbox 996 1473 1188 1544; x_wconf 76' lang='lat' dir='ltr'><strong>posteriorum</strong></span> <span class='ocrx_word' id='word_1_119' title='bbox 1210 1470 1385 1544; x_wconf 84' lang='lat' dir='ltr'><strong>scriptorum</strong></span> <span class='ocrx_word' id='word_1_120' title='bbox 1486 1513 1487 1556; x_wconf 54' lang='lat' dir='ltr'><strong>p</strong></span> 
     </span>
     <span class='ocr_line' id='line_1_16' title="bbox 234 1552 1487 1634; baseline -0.01 -15"><span class='ocrx_word' id='word_1_121' title='bbox 234 1625 242 1634; x_wconf 53' lang='grc'><strong>,</strong></span> <span class='ocrx_word' id='word_1_122' title='bbox 340 1556 445 1618; x_wconf 87' lang='lat' dir='ltr'><strong>adtulit</strong></span> <span class='ocrx_word' id='word_1_123' title='bbox 464 1553 505 1616; x_wconf 88' lang='lat' dir='ltr'><strong>L.</strong></span> <span class='ocrx_word' id='word_1_124' title='bbox 524 1554 698 1618; x_wconf 82' lang='lat' dir='ltr'><strong>Dindoriiue</strong></span> <span class='ocrx_word' id='word_1_125' title='bbox 718 1553 740 1612; x_wconf 92' lang='lat' dir='ltr'><strong>l.</strong></span> <span class='ocrx_word' id='word_1_126' title='bbox 758 1553 791 1630; x_wconf 89' lang='grc'><strong>1.,</strong></span> <span class='ocrx_word' id='word_1_127' title='bbox 812 1553 905 1614; x_wconf 83' lang='lat' dir='ltr'><strong>veluti</strong></span> <span class='ocrx_word' id='word_1_128' title='bbox 925 1553 1043 1616; x_wconf 85' lang='lat' dir='ltr'><strong>ltloscbi</strong></span> <span class='ocrx_word' id='word_1_129' title='bbox 1063 1556 1145 1628; x_wconf 74' lang='lat' dir='ltr'><strong>ldpll.</strong></span> <span class='ocrx_word' id='word_1_130' title='bbox 1167 1552 1224 1614; x_wconf 85' lang='lat' dir='ltr'><strong>lv.</strong></span> <span class='ocrx_word' id='word_1_131' title='bbox 1238 1575 1268 1614; x_wconf 81' lang='lat' dir='ltr'><strong>r.</strong></span> <span class='ocrx_word' id='word_1_132' title='bbox 1281 1558 1323 1613; x_wconf 84' lang='lat'><strong>70</strong></span> <span class='ocrx_word' id='word_1_133' title='bbox 1335 1572 1384 1626; x_wconf 87' lang='lat' dir='ltr'><strong>sq.</strong></span> <span class='ocrx_word' id='word_1_134' title='bbox 1486 1563 1487 1606; x_wconf 84' lang='lat' dir='ltr'><strong>t</strong></span> 
     </span>
    </p>
   </div>
   <div class='ocr_carea' id='block_1_5' title="bbox 484 1646 1238 1795">
    <p class='ocr_par' dir='ltr' id='par_1_5' title="bbox 484 1646 1238 1795">
     <span class='ocr_line' id='line_1_17' title="bbox 852 1646 1220 1722; baseline 0.003 -19"><span class='ocrx_word' id='word_1_135' title='bbox 852 1646 1036 1722; x_wconf 66' lang='lat' dir='ltr'><strong>&#39;Enrywelprorst</strong></span> <span class='ocrx_word' id='word_1_136' title='bbox 1053 1652 1087 1706; x_wconf 69' lang='lat' dir='ltr'><strong>dd</strong></span> <span class='ocrx_word' id='word_1_137' title='bbox 1104 1671 1144 1708; x_wconf 81' lang='grc' dir='ltr'><strong>τοι</strong></span> <span class='ocrx_word' id='word_1_138' title='bbox 1161 1653 1220 1722; x_wconf 66' lang='grc' dir='ltr'><strong>εἰμὶ</strong></span> 
     </span>
     <span class='ocr_line' id='line_1_18' title="bbox 484 1712 1238 1795; baseline -0.001 -19"><span class='ocrx_word' id='word_1_139' title='bbox 484 1715 637 1794; x_wconf 77' lang='grc' dir='ltr'><em>ἀσχαλάαν,</em></span> <span class='ocrx_word' id='word_1_140' title='bbox 656 1714 699 1780; x_wconf 78' lang='lat' dir='ltr'><strong>dre</strong></span> <span class='ocrx_word' id='word_1_141' title='bbox 717 1712 751 1787; x_wconf 73' lang='lat' dir='ltr'><strong>dri</strong></span> <span class='ocrx_word' id='word_1_142' title='bbox 768 1738 802 1789; x_wconf 80' lang='grc' dir='ltr'><strong>γε</strong></span> <span class='ocrx_word' id='word_1_143' title='bbox 819 1721 866 1773; x_wconf 78' lang='grc' dir='ltr'><strong>καὶ</strong></span> <span class='ocrx_word' id='word_1_144' title='bbox 884 1716 1057 1794; x_wconf 74' lang='grc' dir='ltr'><em>εὐφροσύνης</em></span> <span class='ocrx_word' id='word_1_145' title='bbox 1073 1717 1154 1795; x_wconf 75' lang='lat' dir='ltr'><strong>stipor</strong></span> <span class='ocrx_word' id='word_1_146' title='bbox 1171 1722 1238 1776; x_wconf 74' lang='lat' dir='ltr'><strong>tort.</strong></span> 
     </span>
    </p>
   </div>
   <div class='ocr_carea' id='block_1_6' title="bbox 545 1820 552 1843">
    <p class='ocr_par' dir='ltr' id='par_1_6' title="bbox 545 1820 552 1843">
     <span class='ocr_line' id='line_1_19' title="bbox 545 1820 552 1843; baseline 0 0"><span class='ocrx_word' id='word_1_147' title='bbox 545 1820 552 1843; x_wconf 77' lang='grc' dir='ltr'><strong><em>Ι</em></strong></span> 
     </span>
    </p>
   </div>
   <div class='ocr_carea' id='block_1_7' title="bbox 314 1822 1487 3922">
    <p class='ocr_par' dir='ltr' id='par_1_7' title="bbox 340 1822 1487 2412">
     <span class='ocr_line' id='line_1_20' title="bbox 341 1822 1381 1934; baseline -0.003 -46"><span class='ocrx_word' id='word_1_148' title='bbox 341 1836 371 1890; x_wconf 85' lang='lat' dir='ltr'><strong>et</strong></span> <span class='ocrx_word' id='word_1_149' title='bbox 393 1822 491 1914; x_wconf 75' lang='grc' dir='ltr'><strong>μέχρι</strong></span> <span class='ocrx_word' id='word_1_150' title='bbox 513 1826 553 1934; x_wconf 74' lang='lat' dir='ltr'><strong>dp</strong></span> <span class='ocrx_word' id='word_1_151' title='bbox 575 1847 611 1908; x_wconf 75' lang='lat' dir='ltr'><strong>ys</strong></span> <span class='ocrx_word' id='word_1_152' title='bbox 639 1822 816 1884; x_wconf 85' lang='lat' dir='ltr'><strong>ia&#39;Aretaei</strong></span> <span class='ocrx_word' id='word_1_153' title='bbox 844 1825 907 1884; x_wconf 86' lang='lat' dir='ltr'><strong>loco</strong></span> <span class='ocrx_word' id='word_1_154' title='bbox 929 1825 962 1884; x_wconf 85' lang='lat' dir='ltr'><strong>de</strong></span> <span class='ocrx_word' id='word_1_155' title='bbox 984 1845 1076 1888; x_wconf 80' lang='lat' dir='ltr'><strong>cauas.</strong></span> <span class='ocrx_word' id='word_1_156' title='bbox 1098 1827 1167 1886; x_wconf 80' lang='lat' dir='ltr'><strong>diet.</strong></span> <span class='ocrx_word' id='word_1_157' title='bbox 1188 1845 1266 1903; x_wconf 85' lang='lat' dir='ltr'><strong>poss.</strong></span> <span class='ocrx_word' id='word_1_158' title='bbox 1293 1831 1327 1896; x_wconf 89' lang='lat'><strong>1,</strong></span> <span class='ocrx_word' id='word_1_159' title='bbox 1351 1827 1381 1885; x_wconf 80' lang='grc'><strong>6.</strong></span> 
     </span>
     <span class='ocr_line' id='line_1_21' title="bbox 340 1901 1384 1991; baseline -0.004 -21"><span class='ocrx_word' id='word_1_160' title='bbox 340 1935 372 1989; x_wconf 79' lang='lat' dir='ltr'><strong>p.</strong></span> <span class='ocrx_word' id='word_1_161' title='bbox 395 1918 445 1970; x_wconf 75' lang='lat'><strong>32.</strong></span> <span class='ocrx_word' id='word_1_162' title='bbox 473 1919 503 1970; x_wconf 88' lang='lat' dir='ltr'><strong>et</strong></span> <span class='ocrx_word' id='word_1_163' title='bbox 529 1907 643 1989; x_wconf 73' lang='grc' dir='ltr'><em>ὥσπερ</em></span> <span class='ocrx_word' id='word_1_164' title='bbox 666 1901 706 1991; x_wconf 78' lang='grc' dir='ltr'><strong>δή</strong></span> <span class='ocrx_word' id='word_1_165' title='bbox 728 1929 764 1989; x_wconf 84' lang='lat' dir='ltr'><strong>ye</strong></span> <span class='ocrx_word' id='word_1_166' title='bbox 793 1907 870 1983; x_wconf 87' lang='lat' dir='ltr'><strong>apud</strong></span> <span class='ocrx_word' id='word_1_167' title='bbox 893 1907 1039 1968; x_wconf 77' lang='lat' dir='ltr'><strong>Gelonem</strong></span> <span class='ocrx_word' id='word_1_168' title='bbox 1058 1909 1117 1970; x_wconf 82' lang='lat' dir='ltr'><strong>rol.</strong></span> <span class='ocrx_word' id='word_1_169' title='bbox 1138 1909 1225 1970; x_wconf 90' lang='lat' dir='ltr'><strong>Vlll.</strong></span> <span class='ocrx_word' id='word_1_170' title='bbox 1246 1911 1384 1985; x_wconf 45' lang='lat' dir='ltr'><strong>parto,</strong></span> 
     </span>
     <span class='ocr_line' id='line_1_22' title="bbox 343 1986 1487 2078; baseline 0.003 -23"><span class='ocrx_word' id='word_1_171' title='bbox 343 1997 448 2072; x_wconf 84' lang='lat' dir='ltr'><strong>quibes</strong></span> <span class='ocrx_word' id='word_1_172' title='bbox 471 1997 503 2053; x_wconf 89' lang='lat' dir='ltr'><strong>in</strong></span> <span class='ocrx_word' id='word_1_173' title='bbox 525 1994 709 2068; x_wconf 81' lang='lat' dir='ltr'><strong>locis&#39;quonr</strong></span> <span class='ocrx_word' id='word_1_174' title='bbox 729 1987 825 2075; x_wconf 73' lang='grc' dir='ltr'><strong>μέχρι</strong></span> <span class='ocrx_word' id='word_1_175' title='bbox 847 1986 897 2076; x_wconf 77' lang='grc' dir='ltr'><strong>δή,</strong></span> <span class='ocrx_word' id='word_1_176' title='bbox 921 1990 1037 2076; x_wconf 78' lang='grc' dir='ltr'><em>ὥσπερ</em></span> <span class='ocrx_word' id='word_1_177' title='bbox 1059 1987 1110 2078; x_wconf 77' lang='grc' dir='ltr'><strong>δή,</strong></span> <span class='ocrx_word' id='word_1_178' title='bbox 1132 1990 1189 2058; x_wconf 79' lang='grc' dir='ltr'><strong>ὅτε</strong></span> <span class='ocrx_word' id='word_1_179' title='bbox 1212 1989 1263 2076; x_wconf 80' lang='grc' dir='ltr'><strong>δή,</strong></span> <span class='ocrx_word' id='word_1_180' title='bbox 1286 1995 1383 2067; x_wconf 70' lang='lat' dir='ltr'><strong>aptius</strong></span> <span class='ocrx_word' id='word_1_181' title='bbox 1486 2027 1487 2044; x_wconf 53' lang='grc' dir='ltr'><strong>ι</strong></span> 
     </span>
     <span class='ocr_line' id='line_1_23' title="bbox 342 2073 1383 2158; baseline -0.008 -17"><span class='ocrx_word' id='word_1_182' title='bbox 342 2081 496 2141; x_wconf 84' lang='lat' dir='ltr'><strong>coniuncta</strong></span> <span class='ocrx_word' id='word_1_183' title='bbox 514 2085 621 2152; x_wconf 86' lang='lat' dir='ltr'><strong>essent,</strong></span> <span class='ocrx_word' id='word_1_184' title='bbox 645 2078 697 2150; x_wconf 89' lang='lat' dir='ltr'><strong>qui</strong></span> <span class='ocrx_word' id='word_1_185' title='bbox 718 2075 807 2135; x_wconf 84' lang='lat' dir='ltr'><strong>vellet</strong></span> <span class='ocrx_word' id='word_1_186' title='bbox 826 2075 963 2136; x_wconf 84' lang='lat' dir='ltr'><strong>adhibere</strong></span> <span class='ocrx_word' id='word_1_187' title='bbox 985 2073 1022 2158; x_wconf 74' lang='grc' dir='ltr'><strong>γὲ</strong></span> <span class='ocrx_word' id='word_1_188' title='bbox 1045 2079 1225 2154; x_wconf 85' lang='lat' dir='ltr'><strong>particulam,</strong></span> <span class='ocrx_word' id='word_1_189' title='bbox 1248 2099 1308 2136; x_wconf 87' lang='lat' dir='ltr'><strong>nou</strong></span> <span class='ocrx_word' id='word_1_190' title='bbox 1329 2097 1383 2150; x_wconf 87' lang='lat' dir='ltr'><strong>po·</strong></span> 
     </span>
     <span class='ocr_line' id='line_1_24' title="bbox 343 2156 1439 2246; baseline -0.001 -22"><span class='ocrx_word' id='word_1_191' title='bbox 343 2165 398 2224; x_wconf 89' lang='lat' dir='ltr'><strong>tuit</strong></span> <span class='ocrx_word' id='word_1_192' title='bbox 422 2165 480 2222; x_wconf 85' lang='lat' dir='ltr'><strong>nisi</strong></span> <span class='ocrx_word' id='word_1_193' title='bbox 499 2172 568 2238; x_wconf 91' lang='lat' dir='ltr'><strong>poet</strong></span> <span class='ocrx_word' id='word_1_194' title='bbox 589 2156 629 2246; x_wconf 72' lang='lat' dir='ltr'><strong>dr)</strong></span> <span class='ocrx_word' id='word_1_195' title='bbox 651 2181 716 2220; x_wconf 88' lang='lat' dir='ltr'><strong>eam</strong></span> <span class='ocrx_word' id='word_1_196' title='bbox 735 2181 852 2235; x_wconf 88' lang='lat' dir='ltr'><strong>ponere.</strong></span> <span class='ocrx_word' id='word_1_197' title='bbox 896 2158 1081 2242; x_wconf 78' lang='lat' dir='ltr'><strong>Quamquam</strong></span> <span class='ocrx_word' id='word_1_198' title='bbox 1109 2163 1244 2222; x_wconf 86' lang='lat' dir='ltr'><strong>ridentur</strong></span> <span class='ocrx_word' id='word_1_199' title='bbox 1269 2168 1382 2220; x_wconf 84' lang='lat' dir='ltr'><strong>veteres</strong></span> <span class='ocrx_word' id='word_1_200' title='bbox 1435 2215 1439 2223; x_wconf 94' lang='lat'>.</span> 
     </span>
     <span class='ocr_line' id='line_1_25' title="bbox 342 2244 1382 2324; baseline -0.006 -16"><span class='ocrx_word' id='word_1_201' title='bbox 342 2251 497 2324; x_wconf 67' lang='lat' dir='ltr'><strong>scriptores</strong></span> <span class='ocrx_word' id='word_1_202' title='bbox 518 2267 582 2306; x_wconf 89' lang='lat' dir='ltr'><strong>eam</strong></span> <span class='ocrx_word' id='word_1_203' title='bbox 605 2244 745 2319; x_wconf 84' lang='lat' dir='ltr'><strong>loquendi</strong></span> <span class='ocrx_word' id='word_1_204' title='bbox 764 2249 908 2304; x_wconf 86' lang='lat' dir='ltr'><strong>rationem</strong></span> <span class='ocrx_word' id='word_1_205' title='bbox 930 2248 1027 2304; x_wconf 84' lang='lat' dir='ltr'><strong>neseio</strong></span> <span class='ocrx_word' id='word_1_206' title='bbox 1048 2251 1106 2321; x_wconf 82' lang='lat' dir='ltr'><strong>quo</strong></span> <span class='ocrx_word' id='word_1_207' title='bbox 1124 2247 1210 2305; x_wconf 88' lang='lat' dir='ltr'><strong>modo</strong></span> <span class='ocrx_word' id='word_1_208' title='bbox 1236 2247 1382 2306; x_wconf 74' lang='lat' dir='ltr'><strong>vitavisse.</strong></span> 
     </span>
     <span class='ocr_line' id='line_1_26' title="bbox 425 2327 1465 2412; baseline -0.005 -22"><span class='ocrx_word' id='word_1_209' title='bbox 425 2330 507 2390; x_wconf 83' lang='lat' dir='ltr'><strong>llaec</strong></span> <span class='ocrx_word' id='word_1_210' title='bbox 525 2328 626 2404; x_wconf 84' lang='lat' dir='ltr'><strong>babai,</strong></span> <span class='ocrx_word' id='word_1_211' title='bbox 648 2349 723 2403; x_wconf 84' lang='lat' dir='ltr'><strong>quae</strong></span> <span class='ocrx_word' id='word_1_212' title='bbox 746 2327 782 2387; x_wconf 91' lang='lat' dir='ltr'><strong>de</strong></span> <span class='ocrx_word' id='word_1_213' title='bbox 803 2329 991 2388; x_wconf 87' lang='lat' dir='ltr'><strong>collocatione</strong></span> <span class='ocrx_word' id='word_1_214' title='bbox 1012 2331 1169 2404; x_wconf 85' lang='lat' dir='ltr'><strong>particulae</strong></span> <span class='ocrx_word' id='word_1_215' title='bbox 1190 2327 1226 2412; x_wconf 78' lang='grc' dir='ltr'><strong>γὲ</strong></span> <span class='ocrx_word' id='word_1_216' title='bbox 1248 2331 1382 2388; x_wconf 87' lang='lat' dir='ltr'><strong>dicerem.</strong></span> <span class='ocrx_word' id='word_1_217' title='bbox 1461 2330 1465 2335; x_wconf 86' lang='grc'><strong>’</strong></span> 
     </span>
    </p>

    <p class='ocr_par' dir='ltr' id='par_1_8' title="bbox 340 2411 1487 2994">
     <span class='ocr_line' id='line_1_27' title="bbox 341 2411 1487 2489; baseline -0.002 -13"><span class='ocrx_word' id='word_1_218' title='bbox 341 2413 419 2476; x_wconf 85' lang='lat' dir='ltr'><strong>Nam</strong></span> <span class='ocrx_word' id='word_1_219' title='bbox 446 2433 522 2489; x_wconf 86' lang='lat' dir='ltr'><strong>quae</strong></span> <span class='ocrx_word' id='word_1_220' title='bbox 551 2433 637 2472; x_wconf 87' lang='lat' dir='ltr'><strong>ame</strong></span> <span class='ocrx_word' id='word_1_221' title='bbox 660 2411 707 2470; x_wconf 87' lang='lat' dir='ltr'><strong>lsic</strong></span> <span class='ocrx_word' id='word_1_222' title='bbox 728 2419 778 2470; x_wconf 90' lang='lat' dir='ltr'><strong>aut</strong></span> <span class='ocrx_word' id='word_1_223' title='bbox 799 2425 1019 2474; x_wconf 80' lang='lat' dir='ltr'><strong>commemorate</strong></span> <span class='ocrx_word' id='word_1_224' title='bbox 1040 2433 1099 2472; x_wconf 89' lang='lat' dir='ltr'><strong>non</strong></span> <span class='ocrx_word' id='word_1_225' title='bbox 1121 2423 1189 2475; x_wconf 89' lang='lat' dir='ltr'><strong>suut</strong></span> <span class='ocrx_word' id='word_1_226' title='bbox 1209 2424 1256 2474; x_wconf 87' lang='lat' dir='ltr'><strong>eut</strong></span> <span class='ocrx_word' id='word_1_227' title='bbox 1278 2413 1384 2474; x_wconf 75' lang='lat' dir='ltr'><strong>leuiter</strong></span> <span class='ocrx_word' id='word_1_228' title='bbox 1486 2425 1487 2474; x_wconf 73' lang='lat' dir='ltr'><strong>t</strong></span> 
     </span>
     <span class='ocr_line' id='line_1_28' title="bbox 341 2497 1487 2573; baseline -0.001 -16"><span class='ocrx_word' id='word_1_229' title='bbox 341 2506 454 2558; x_wconf 89' lang='lat' dir='ltr'><strong>tentum</strong></span> <span class='ocrx_word' id='word_1_230' title='bbox 483 2497 569 2556; x_wconf 89' lang='lat' dir='ltr'><strong>modo</strong></span> <span class='ocrx_word' id='word_1_231' title='bbox 599 2505 672 2556; x_wconf 89' lang='lat' dir='ltr'><strong>tacte</strong></span> <span class='ocrx_word' id='word_1_232' title='bbox 701 2506 788 2572; x_wconf 85' lang='lat' dir='ltr'><strong>suut,</strong></span> <span class='ocrx_word' id='word_1_233' title='bbox 818 2515 853 2556; x_wconf 91' lang='lat' dir='ltr'><strong>ea</strong></span> <span class='ocrx_word' id='word_1_234' title='bbox 878 2499 964 2556; x_wconf 82' lang='lat' dir='ltr'><strong>facile</strong></span> <span class='ocrx_word' id='word_1_235' title='bbox 986 2517 1063 2558; x_wconf 88' lang='lat' dir='ltr'><strong>naua</strong></span> <span class='ocrx_word' id='word_1_236' title='bbox 1088 2501 1213 2572; x_wconf 87' lang='lat' dir='ltr'><strong>quisque</strong></span> <span class='ocrx_word' id='word_1_237' title='bbox 1235 2497 1386 2573; x_wconf 81' lang='lat' dir='ltr'><strong>explicere</strong></span> <span class='ocrx_word' id='word_1_238' title='bbox 1486 2561 1487 2564; x_wconf 44' lang='lat'>,</span> 
     </span>
     <span class='ocr_line' id='line_1_29' title="bbox 341 2577 1487 2662; baseline -0.005 -19"><span class='ocrx_word' id='word_1_239' title='bbox 341 2587 408 2658; x_wconf 83' lang='lat' dir='ltr'><strong>ipse</strong></span> <span class='ocrx_word' id='word_1_240' title='bbox 429 2584 545 2657; x_wconf 85' lang='lat' dir='ltr'><strong>poterit,</strong></span> <span class='ocrx_word' id='word_1_241' title='bbox 565 2582 592 2640; x_wconf 89' lang='lat' dir='ltr'><strong>si</strong></span> <span class='ocrx_word' id='word_1_242' title='bbox 610 2583 777 2639; x_wconf 89' lang='lat' dir='ltr'><strong>meminerit</strong></span> <span class='ocrx_word' id='word_1_243' title='bbox 793 2577 830 2662; x_wconf 78' lang='grc' dir='ltr'><strong>γὲ</strong></span> <span class='ocrx_word' id='word_1_244' title='bbox 852 2591 911 2640; x_wconf 89' lang='lat' dir='ltr'><strong>turn</strong></span> <span class='ocrx_word' id='word_1_245' title='bbox 926 2581 1042 2640; x_wconf 86' lang='lat' dir='ltr'><strong>demum</strong></span> <span class='ocrx_word' id='word_1_246' title='bbox 1055 2583 1092 2640; x_wconf 85' lang='lat' dir='ltr'><strong>ab</strong></span> <span class='ocrx_word' id='word_1_247' title='bbox 1105 2603 1150 2658; x_wconf 87' lang='lat' dir='ltr'><strong>eo,</strong></span> <span class='ocrx_word' id='word_1_248' title='bbox 1171 2604 1229 2658; x_wconf 87' lang='lat' dir='ltr'><strong>quo</strong></span> <span class='ocrx_word' id='word_1_249' title='bbox 1245 2583 1383 2658; x_wconf 79' lang='lat' dir='ltr'><strong>pertinet,</strong></span> <span class='ocrx_word' id='word_1_250' title='bbox 1486 2583 1487 2602; x_wconf 67' lang='lat'>¹</span> 
     </span>
     <span class='ocr_line' id='line_1_30' title="bbox 341 2656 1487 2748; baseline -0.004 -20"><span class='ocrx_word' id='word_1_251' title='bbox 341 2668 438 2748; x_wconf 85' lang='lat' dir='ltr'><strong>rerbo</strong></span> <span class='ocrx_word' id='word_1_252' title='bbox 454 2667 646 2725; x_wconf 87' lang='lat' dir='ltr'><strong>discriminari</strong></span> <span class='ocrx_word' id='word_1_253' title='bbox 670 2685 774 2740; x_wconf 86' lang='lat' dir='ltr'><strong>posse,</strong></span> <span class='ocrx_word' id='word_1_254' title='bbox 804 2669 843 2739; x_wconf 84' lang='lat' dir='ltr'><strong>si,</strong></span> <span class='ocrx_word' id='word_1_255' title='bbox 873 2686 947 2740; x_wconf 84' lang='lat' dir='ltr'><strong>qnae</strong></span> <span class='ocrx_word' id='word_1_256' title='bbox 963 2665 1141 2740; x_wconf 68' lang='lat' dir='ltr'><strong>,interposita</strong></span> <span class='ocrx_word' id='word_1_257' title='bbox 1162 2677 1204 2725; x_wconf 87' lang='lat' dir='ltr'><strong>est</strong></span> <span class='ocrx_word' id='word_1_258' title='bbox 1225 2687 1302 2739; x_wconf 85' lang='lat' dir='ltr'><strong>rex,</strong></span> <span class='ocrx_word' id='word_1_259' title='bbox 1333 2673 1383 2723; x_wconf 86' lang='lat' dir='ltr'><strong>aet</strong></span> <span class='ocrx_word' id='word_1_260' title='bbox 1486 2656 1487 2684; x_wconf 61' lang='lat'>¹</span> 
     </span>
     <span class='ocr_line' id='line_1_31' title="bbox 340 2747 1382 2826; baseline -0.003 -15"><span class='ocrx_word' id='word_1_261' title='bbox 340 2751 454 2811; x_wconf 81' lang='lat' dir='ltr'><strong>nullam</strong></span> <span class='ocrx_word' id='word_1_262' title='bbox 475 2753 534 2810; x_wconf 80' lang='lat' dir='ltr'><strong>rim</strong></span> <span class='ocrx_word' id='word_1_263' title='bbox 556 2748 645 2808; x_wconf 88' lang='lat' dir='ltr'><strong>babet</strong></span> <span class='ocrx_word' id='word_1_264' title='bbox 663 2771 717 2824; x_wconf 90' lang='lat' dir='ltr'><strong>per</strong></span> <span class='ocrx_word' id='word_1_265' title='bbox 736 2769 800 2809; x_wconf 89' lang='lat' dir='ltr'><strong>sese</strong></span> <span class='ocrx_word' id='word_1_266' title='bbox 821 2747 933 2809; x_wconf 78' lang='lat' dir='ltr'><strong>anteat</strong></span> <span class='ocrx_word' id='word_1_267' title='bbox 955 2750 1017 2809; x_wconf 89' lang='lat' dir='ltr'><strong>eius</strong></span> <span class='ocrx_word' id='word_1_268' title='bbox 1040 2751 1129 2826; x_wconf 86' lang='lat' dir='ltr'><strong>modi,</strong></span> <span class='ocrx_word' id='word_1_269' title='bbox 1150 2761 1181 2808; x_wconf 88' lang='lat' dir='ltr'><strong>ut</strong></span> <span class='ocrx_word' id='word_1_270' title='bbox 1200 2753 1265 2825; x_wconf 84' lang='lat' dir='ltr'><strong>ipsa</strong></span> <span class='ocrx_word' id='word_1_271' title='bbox 1286 2749 1382 2823; x_wconf 79' lang='lat' dir='ltr'><strong>aptius</strong></span> 
     </span>
     <span class='ocr_line' id='line_1_32' title="bbox 342 2831 1487 2910; baseline -0.004 -15"><span class='ocrx_word' id='word_1_272' title='bbox 342 2855 407 2895; x_wconf 85' lang='lat' dir='ltr'><strong>cnm</strong></span> <span class='ocrx_word' id='word_1_273' title='bbox 431 2835 621 2909; x_wconf 73' lang='lat' dir='ltr'><strong>praecedente</strong></span> <span class='ocrx_word' id='word_1_274' title='bbox 641 2833 731 2890; x_wconf 80' lang='lat' dir='ltr'><strong>verbo</strong></span> <span class='ocrx_word' id='word_1_275' title='bbox 750 2832 890 2890; x_wconf 83' lang='lat' dir='ltr'><strong>coalescet</strong></span> <span class='ocrx_word' id='word_1_276' title='bbox 910 2831 1034 2906; x_wconf 88' lang='lat' dir='ltr'><strong>ideoque</strong></span> <span class='ocrx_word' id='word_1_277' title='bbox 1057 2855 1116 2892; x_wconf 89' lang='lat' dir='ltr'><strong>non</strong></span> <span class='ocrx_word' id='word_1_278' title='bbox 1140 2834 1226 2894; x_wconf 91' lang='lat' dir='ltr'><strong>modo</strong></span> <span class='ocrx_word' id='word_1_279' title='bbox 1247 2855 1307 2893; x_wconf 89' lang='lat' dir='ltr'><strong>non</strong></span> <span class='ocrx_word' id='word_1_280' title='bbox 1326 2835 1383 2892; x_wconf 88' lang='lat' dir='ltr'><strong>im·</strong></span> <span class='ocrx_word' id='word_1_281' title='bbox 1486 2899 1487 2910; x_wconf 11' lang='grc' dir='ltr'>χ</span> 
     </span>
     <span class='ocr_line' id='line_1_33' title="bbox 341 2915 1151 2994; baseline -0.001 -17"><span class='ocrx_word' id='word_1_282' title='bbox 341 2918 449 2994; x_wconf 85' lang='lat' dir='ltr'><strong>pediat‚</strong></span> <span class='ocrx_word' id='word_1_283' title='bbox 469 2917 520 2976; x_wconf 90' lang='lat' dir='ltr'><strong>sed</strong></span> <span class='ocrx_word' id='word_1_284' title='bbox 541 2919 629 2974; x_wconf 89' lang='lat' dir='ltr'><strong>etiam</strong></span> <span class='ocrx_word' id='word_1_285' title='bbox 652 2915 769 2973; x_wconf 83' lang='lat' dir='ltr'><strong>adiuvet</strong></span> <span class='ocrx_word' id='word_1_286' title='bbox 789 2915 948 2988; x_wconf 72' lang='lat' dir='ltr'><strong>particulae</strong></span> <span class='ocrx_word' id='word_1_287' title='bbox 968 2916 1151 2977; x_wconf 79' lang='lat' dir='ltr'><strong>relationem.</strong></span> 
     </span>
    </p>

    <p class='ocr_par' dir='ltr' id='par_1_9' title="bbox 230 2997 1487 3148">
     <span class='ocr_line' id='line_1_34' title="bbox 341 2997 1487 3146; baseline -0.002 -2.265"><span class='ocrx_word' id='word_1_288' title='bbox 341 2997 580 3144; x_wconf 54' lang='lat' dir='ltr'><strong>iutuitu</strong></span> <span class='ocrx_word' id='word_1_289' title='bbox 612 2997 1068 3148; x_wconf 53' lang='lat' dir='ltr'><strong>tatur</strong></span> <span class='ocrx_word' id='word_1_290' title='bbox 1081 3022 1160 3146; x_wconf 66' lang='lat' dir='ltr'><strong>tt·</strong></span> <span class='ocrx_word' id='word_1_291' title='bbox 1178 2997 1215 3144; x_wconf 75' lang='lat' dir='ltr'><strong>t</strong></span> <span class='ocrx_word' id='word_1_292' title='bbox 1234 2999 1381 3142; x_wconf 70' lang='lat' dir='ltr'><strong>stetu:</strong></span> <span class='ocrx_word' id='word_1_293' title='bbox 1486 3067 1487 3106; x_wconf 61' lang='lat'><strong>÷</strong></span> 
     </span>
    </p>

    <p class='ocr_par' dir='ltr' id='par_1_10' title="bbox 314 3103 1487 3420">
     <span class='ocr_line' id='line_1_35' title="bbox 566 3107 1196 3144; baseline 0.008 -5"><span class='ocrx_word' id='word_1_294' title='bbox 566 3123 574 3139; x_wconf 87' lang='lat'><strong>.</strong></span> <span class='ocrx_word' id='word_1_295' title='bbox 1150 3107 1196 3144; x_wconf 75' lang='lat' dir='ltr'><strong>sss</strong></span> 
     </span>
     <span class='ocr_line' id='line_1_36' title="bbox 342 3103 1487 3243; baseline -0.003 -16"><span class='ocrx_word' id='word_1_296' title='bbox 342 3170 521 3228; x_wconf 89' lang='lat' dir='ltr'><strong>mentionem</strong></span> <span class='ocrx_word' id='word_1_297' title='bbox 548 3165 621 3225; x_wconf 81' lang='lat' dir='ltr'><strong>fecit</strong></span> <span class='ocrx_word' id='word_1_298' title='bbox 642 3187 672 3241; x_wconf 89' lang='lat' dir='ltr'><strong>p.</strong></span> <span class='ocrx_word' id='word_1_299' title='bbox 685 3103 746 3224; x_wconf 58' lang='lat' dir='ltr'><strong>lib.</strong></span> <span class='ocrx_word' id='word_1_300' title='bbox 771 3104 904 3242; x_wconf 74' lang='lat' dir='ltr'><strong>dixthue</strong></span> <span class='ocrx_word' id='word_1_301' title='bbox 926 3107 1083 3227; x_wconf 72' lang='lat' dir='ltr'><strong>accuratius</strong></span> <span class='ocrx_word' id='word_1_302' title='bbox 1106 3107 1213 3228; x_wconf 81' lang='lat' dir='ltr'><strong>debis</strong></span> <span class='ocrx_word' id='word_1_303' title='bbox 1234 3167 1382 3243; x_wconf 86' lang='lat' dir='ltr'><strong>particulis</strong></span> <span class='ocrx_word' id='word_1_304' title='bbox 1486 3167 1487 3186; x_wconf 62' lang='lat'><em>³</em></span> 
     </span>
     <span class='ocr_line' id='line_1_37' title="bbox 342 3247 1380 3327; baseline -0.002 -17"><span class='ocrx_word' id='word_1_305' title='bbox 342 3251 418 3311; x_wconf 88' lang='lat' dir='ltr'><strong>God.</strong></span> <span class='ocrx_word' id='word_1_306' title='bbox 438 3251 624 3318; x_wconf 83' lang='lat' dir='ltr'><strong>Hermannus</strong></span> <span class='ocrx_word' id='word_1_307' title='bbox 645 3249 682 3309; x_wconf 90' lang='lat' dir='ltr'><strong>ad</strong></span> <span class='ocrx_word' id='word_1_308' title='bbox 696 3247 841 3326; x_wconf 80' lang='lat' dir='ltr'><strong>Vigerum</strong></span> <span class='ocrx_word' id='word_1_309' title='bbox 854 3273 883 3325; x_wconf 86' lang='lat' dir='ltr'><strong>p.</strong></span> <span class='ocrx_word' id='word_1_310' title='bbox 897 3257 969 3311; x_wconf 83' lang='lat'><strong>828.</strong></span> <span class='ocrx_word' id='word_1_311' title='bbox 991 3252 1037 3311; x_wconf 87' lang='lat' dir='ltr'><strong>ed.</strong></span> <span class='ocrx_word' id='word_1_312' title='bbox 1058 3260 1135 3327; x_wconf 76' lang='lat' dir='ltr'><strong>tert,</strong></span> <span class='ocrx_word' id='word_1_313' title='bbox 1147 3255 1213 3326; x_wconf 40' lang='lat' dir='ltr'><strong>„qni</strong></span> <span class='ocrx_word' id='word_1_314' title='bbox 1233 3260 1311 3311; x_wconf 90' lang='lat' dir='ltr'><strong>recte</strong></span> <span class='ocrx_word' id='word_1_315' title='bbox 1331 3253 1380 3326; x_wconf 88' lang='lat' dir='ltr'><strong>ait,</strong></span> 
     </span>
     <span class='ocr_line' id='line_1_38' title="bbox 314 3330 1380 3420; baseline -0.003 -23"><span class='ocrx_word' id='word_1_316' title='bbox 314 3391 318 3397; x_wconf 94' lang='grc'><em>,</em></span> <span class='ocrx_word' id='word_1_317' title='bbox 340 3337 482 3394; x_wconf 84' lang='lat' dir='ltr'><strong>interesse</strong></span> <span class='ocrx_word' id='word_1_318' title='bbox 506 3333 562 3392; x_wconf 89' lang='lat' dir='ltr'><strong>boc</strong></span> <span class='ocrx_word' id='word_1_319' title='bbox 582 3337 662 3393; x_wconf 87' lang='lat' dir='ltr'><strong>inter</strong></span> <span class='ocrx_word' id='word_1_320' title='bbox 679 3330 715 3412; x_wconf 71' lang='grc' dir='ltr'><strong>γε’</strong></span> <span class='ocrx_word' id='word_1_321' title='bbox 735 3331 775 3418; x_wconf 75' lang='lat' dir='ltr'><strong>dr)</strong></span> <span class='ocrx_word' id='word_1_322' title='bbox 798 3343 826 3393; x_wconf 90' lang='lat' dir='ltr'><strong>et</strong></span> <span class='ocrx_word' id='word_1_323' title='bbox 845 3333 883 3416; x_wconf 79' lang='grc' dir='ltr'><strong>γέ</strong></span> <span class='ocrx_word' id='word_1_324' title='bbox 900 3355 962 3412; x_wconf 79' lang='lat' dir='ltr'><strong>ror,</strong></span> <span class='ocrx_word' id='word_1_325' title='bbox 985 3336 1063 3411; x_wconf 85' lang='lat' dir='ltr'><strong>qnod</strong></span> <span class='ocrx_word' id='word_1_326' title='bbox 1078 3331 1117 3420; x_wconf 74' lang='lat' dir='ltr'><strong>dr)</strong></span> <span class='ocrx_word' id='word_1_327' title='bbox 1134 3340 1305 3396; x_wconf 89' lang='lat' dir='ltr'><strong>sententiam</strong></span> <span class='ocrx_word' id='word_1_328' title='bbox 1328 3355 1380 3410; x_wconf 84' lang='lat' dir='ltr'><strong>per</strong></span> 
     </span>
    </p>

    <p class='ocr_par' dir='ltr' id='par_1_11' title="bbox 339 3415 1381 3922">
     <span class='ocr_line' id='line_1_39' title="bbox 340 3415 1381 3498; baseline 0.002 -22"><span class='ocrx_word' id='word_1_329' title='bbox 340 3415 378 3498; x_wconf 72' lang='grc' dir='ltr'><strong>γὲ</strong></span> <span class='ocrx_word' id='word_1_330' title='bbox 397 3420 560 3478; x_wconf 78' lang='lat' dir='ltr'><strong>restrictam</strong></span> <span class='ocrx_word' id='word_1_331' title='bbox 579 3419 750 3492; x_wconf 84' lang='lat' dir='ltr'><strong>simpliciter</strong></span> <span class='ocrx_word' id='word_1_332' title='bbox 769 3418 929 3492; x_wconf 84' lang='lat' dir='ltr'><strong>confirmet,</strong></span> <span class='ocrx_word' id='word_1_333' title='bbox 951 3417 1004 3484; x_wconf 82' lang='lat' dir='ltr'><strong>soi</strong></span> <span class='ocrx_word' id='word_1_334' title='bbox 1017 3428 1113 3479; x_wconf 88' lang='lat' dir='ltr'><strong>autem</strong></span> <span class='ocrx_word' id='word_1_335' title='bbox 1128 3435 1192 3480; x_wconf 85' lang='lat' dir='ltr'><strong>eant</strong></span> <span class='ocrx_word' id='word_1_336' title='bbox 1206 3421 1381 3481; x_wconf 75' lang='lat' dir='ltr'><strong>sententiam</strong></span> 
     </span>
     <span class='ocr_line' id='line_1_40' title="bbox 340 3500 1380 3577; baseline 0.002 -15"><span class='ocrx_word' id='word_1_337' title='bbox 340 3500 450 3562; x_wconf 78' lang='lat' dir='ltr'><strong>indicet</strong></span> <span class='ocrx_word' id='word_1_338' title='bbox 469 3501 634 3574; x_wconf 85' lang='lat' dir='ltr'><strong>oppositam</strong></span> <span class='ocrx_word' id='word_1_339' title='bbox 655 3520 718 3560; x_wconf 86' lang='lat' dir='ltr'><strong>essa</strong></span> <span class='ocrx_word' id='word_1_340' title='bbox 738 3502 977 3574; x_wconf 82' lang='lat' dir='ltr'><strong>praecedentibus</strong></span> <span class='ocrx_word' id='word_1_341' title='bbox 992 3504 1116 3577; x_wconf 88' lang='lat' dir='ltr'><strong>quodam</strong></span> <span class='ocrx_word' id='word_1_342' title='bbox 1130 3506 1225 3564; x_wconf 88' lang='lat' dir='ltr'><strong>modo.</strong></span> <span class='ocrx_word' id='word_1_343' title='bbox 1258 3503 1291 3564; x_wconf 94' lang='lat' dir='ltr'><strong>ld</strong></span> <span class='ocrx_word' id='word_1_344' title='bbox 1308 3503 1380 3564; x_wconf 87' lang='lat' dir='ltr'><strong>sdeu</strong></span> 
     </span>
     <span class='ocr_line' id='line_1_41' title="bbox 342 3583 1381 3672; baseline 0.004 -28"><span class='ocrx_word' id='word_1_345' title='bbox 342 3606 430 3662; x_wconf 82' lang='lat' dir='ltr'><strong>quern</strong></span> <span class='ocrx_word' id='word_1_346' title='bbox 459 3584 494 3642; x_wconf 83' lang='lat' dir='ltr'><strong>od</strong></span> <span class='ocrx_word' id='word_1_347' title='bbox 521 3583 639 3642; x_wconf 85' lang='lat' dir='ltr'><strong>modum</strong></span> <span class='ocrx_word' id='word_1_348' title='bbox 665 3603 706 3642; x_wconf 86' lang='lat' dir='ltr'><strong>ex</strong></span> <span class='ocrx_word' id='word_1_349' title='bbox 730 3587 824 3658; x_wconf 88' lang='lat' dir='ltr'><strong>prime</strong></span> <span class='ocrx_word' id='word_1_350' title='bbox 853 3587 1060 3661; x_wconf 88' lang='lat' dir='ltr'><strong>particularum</strong></span> <span class='ocrx_word' id='word_1_351' title='bbox 1088 3583 1128 3672; x_wconf 75' lang='grc' dir='ltr'><strong>δὴ</strong></span> <span class='ocrx_word' id='word_1_352' title='bbox 1154 3597 1184 3649; x_wconf 87' lang='lat' dir='ltr'><strong>et</strong></span> <span class='ocrx_word' id='word_1_353' title='bbox 1208 3583 1262 3651; x_wconf 78' lang='lat' dir='ltr'><strong>sol</strong></span> <span class='ocrx_word' id='word_1_354' title='bbox 1285 3589 1321 3648; x_wconf 76' lang='lat' dir='ltr'><strong>&#39;vi</strong></span> <span class='ocrx_word' id='word_1_355' title='bbox 1348 3607 1381 3648; x_wconf 83' lang='lat' dir='ltr'><strong>ao</strong></span> 
     </span>
     <span class='ocr_line' id='line_1_42' title="bbox 340 3667 1381 3752; baseline 0.001 -23"><span class='ocrx_word' id='word_1_356' title='bbox 340 3677 482 3746; x_wconf 75' lang='lat' dir='ltr'><strong>potestate</strong></span> <span class='ocrx_word' id='word_1_357' title='bbox 503 3667 718 3743; x_wconf 72' lang='lat' dir='ltr'><strong>proficiscatur,¹</strong></span> <span class='ocrx_word' id='word_1_358' title='bbox 730 3669 921 3752; x_wconf 78' lang='lat' dir='ltr'><strong>explicabitur</strong></span> <span class='ocrx_word' id='word_1_359' title='bbox 943 3671 1087 3747; x_wconf 87' lang='lat' dir='ltr'><strong>deinceps,</strong></span> <span class='ocrx_word' id='word_1_360' title='bbox 1111 3673 1164 3732; x_wconf 90' lang='lat' dir='ltr'><strong>ubi&#39;</strong></span> <span class='ocrx_word' id='word_1_361' title='bbox 1181 3674 1216 3734; x_wconf 91' lang='lat' dir='ltr'><strong>ds</strong></span> <span class='ocrx_word' id='word_1_362' title='bbox 1235 3671 1296 3732; x_wconf 93' lang='lat' dir='ltr'><strong>illis</strong></span> <span class='ocrx_word' id='word_1_363' title='bbox 1316 3689 1381 3746; x_wconf 83' lang='lat' dir='ltr'><strong>per·</strong></span> 
     </span>
     <span class='ocr_line' id='line_1_43' title="bbox 339 3751 1380 3838; baseline 0 -24"><span class='ocrx_word' id='word_1_364' title='bbox 339 3755 435 3830; x_wconf 84' lang='lat' dir='ltr'><strong>tirolis</strong></span> <span class='ocrx_word' id='word_1_365' title='bbox 458 3754 617 3828; x_wconf 90' lang='lat' dir='ltr'><strong>separatim</strong></span> <span class='ocrx_word' id='word_1_366' title='bbox 639 3753 756 3812; x_wconf 89' lang='lat' dir='ltr'><strong>dicetur.</strong></span> <span class='ocrx_word' id='word_1_367' title='bbox 798 3753 884 3814; x_wconf 85' lang='lat' dir='ltr'><strong>Nunc</strong></span> <span class='ocrx_word' id='word_1_368' title='bbox 903 3751 958 3814; x_wconf 91' lang='lat' dir='ltr'><strong>boc</strong></span> <span class='ocrx_word' id='word_1_369' title='bbox 978 3763 1126 3817; x_wconf 85' lang='lat' dir='ltr'><strong>teneamus</strong></span> <span class='ocrx_word' id='word_1_370' title='bbox 1148 3753 1184 3838; x_wconf 79' lang='grc' dir='ltr'><strong>γὲ</strong></span> <span class='ocrx_word' id='word_1_371' title='bbox 1205 3758 1380 3832; x_wconf 75' lang='lat' dir='ltr'><strong>restringere</strong></span> 
     </span>
     <span class='ocr_line' id='line_1_44' title="bbox 340 3832 1379 3922; baseline -0.004 -21"><span class='ocrx_word' id='word_1_372' title='bbox 340 3834 470 3914; x_wconf 82' lang='lat' dir='ltr'><strong>sliqoun&#39;s</strong></span> <span class='ocrx_word' id='word_1_373' title='bbox 498 3857 579 3913; x_wconf 87' lang='lat' dir='ltr'><strong>rens,</strong></span> <span class='ocrx_word' id='word_1_374' title='bbox 608 3832 648 3922; x_wconf 79' lang='grc' dir='ltr'><strong>δὴ</strong></span> <span class='ocrx_word' id='word_1_375' title='bbox 678 3847 773 3896; x_wconf 85' lang='lat' dir='ltr'><strong>autem</strong></span> <span class='ocrx_word' id='word_1_376' title='bbox 796 3859 860 3900; x_wconf 91' lang='lat' dir='ltr'><strong>eam</strong></span> <span class='ocrx_word' id='word_1_377' title='bbox 883 3840 969 3915; x_wconf 82' lang='lat' dir='ltr'><strong>quasi</strong></span> <span class='ocrx_word' id='word_1_378' title='bbox 991 3841 1108 3916; x_wconf 85' lang='lat' dir='ltr'><strong>planem</strong></span> <span class='ocrx_word' id='word_1_379' title='bbox 1130 3851 1216 3916; x_wconf 85' lang='lat' dir='ltr'><strong>atque</strong></span> <span class='ocrx_word' id='word_1_380' title='bbox 1241 3849 1379 3916; x_wconf 83' lang='lat' dir='ltr'><strong>apertam,</strong></span> 
     </span>
    </p>
   </div>
   <div class='ocr_carea' id='block_1_8' title="bbox 340 3986 1377 4190">
    <p class='ocr_par' dir='ltr' id='par_1_12' title="bbox 340 3986 1377 4190">
     <span class='ocr_line' id='line_1_45' title="bbox 410 3986 1377 4054; baseline -0.001 -17"><span class='ocrx_word' id='word_1_381' title='bbox 410 3986 437 4051; x_wconf 78' lang='lat'><strong>*)</strong></span> <span class='ocrx_word' id='word_1_382' title='bbox 453 3989 528 4038; x_wconf 86' lang='lat' dir='ltr'><strong>llauc</strong></span> <span class='ocrx_word' id='word_1_383' title='bbox 536 3989 677 4038; x_wconf 79' lang='lat' dir='ltr'><strong>labeculam</strong></span> <span class='ocrx_word' id='word_1_384' title='bbox 689 3987 845 4052; x_wconf 83' lang='lat' dir='ltr'><strong>posteriores</strong></span> <span class='ocrx_word' id='word_1_385' title='bbox 856 3991 953 4040; x_wconf 85' lang='lat' dir='ltr'><strong>demum</strong></span> <span class='ocrx_word' id='word_1_386' title='bbox 964 3990 1100 4054; x_wconf 81' lang='lat' dir='ltr'><strong>scriptores</strong></span> <span class='ocrx_word' id='word_1_387' title='bbox 1112 3990 1243 4040; x_wconf 81' lang='lat' dir='ltr'><strong>admisisse</strong></span> <span class='ocrx_word' id='word_1_388' title='bbox 1253 3989 1377 4050; x_wconf 84' lang='lat' dir='ltr'><strong>ridentur,</strong></span> 
     </span>
     <span class='ocr_line' id='line_1_46' title="bbox 340 4051 1377 4190; baseline 0.006 -86"><span class='ocrx_word' id='word_1_389' title='bbox 340 4053 573 4190; x_wconf 43' lang='lat' dir='ltr'><strong>pppgpepipdpptis</strong></span> <span class='ocrx_word' id='word_1_390' title='bbox 581 4058 737 4120; x_wconf 81' lang='lat' dir='ltr'><strong>ltlndcrtlus,</strong></span> <span class='ocrx_word' id='word_1_391' title='bbox 746 4056 915 4110; x_wconf 75' lang='lat' dir='ltr'><strong>Philostratus</strong></span> <span class='ocrx_word' id='word_1_392' title='bbox 920 4057 1026 4111; x_wconf 84' lang='lat' dir='ltr'><strong>Hercle.</strong></span> <span class='ocrx_word' id='word_1_393' title='bbox 1032 4061 1125 4124; x_wconf 62' lang='lat' dir='ltr'><strong>poco.</strong></span> <span class='ocrx_word' id='word_1_394' title='bbox 1136 4051 1170 4111; x_wconf 81' lang='lat' dir='ltr'><strong>“A</strong></span> <span class='ocrx_word' id='word_1_395' title='bbox 1178 4058 1260 4112; x_wconf 78' lang='grc' dir='ltr'><em>ποθῶ</em></span> <span class='ocrx_word' id='word_1_396' title='bbox 1266 4061 1377 4127; x_wconf 73' lang='grc' dir='ltr'><em>μαθεῖν,</em></span> 
     </span>
    </p>
   </div>
   <div class='ocr_carea' id='block_1_9' title="bbox 0 0 1510 4580">
    <p class='ocr_par' dir='ltr' id='par_1_13' title="bbox 0 0 1510 4580">
     <span class='ocr_line' id='line_1_47' title="bbox 0 0 1510 4580; baseline 0 1"><span class='ocrx_word' id='word_1_397' title='bbox 0 0 1510 4580; x_wconf 95' lang='lat' dir='ltr'><strong> </strong></span> 
     </span>
    </p>
   </div>
  </div>
 </body>
</html>
