3016 4580
615 226 710 320 τόν·
1070 237 1073 244 ’
1119 233 1188 304 2²⁸

138 403 268 482 punitum
287 405 343 478 act,
362 403 394 459 ut
414 415 455 476 ex
475 417 510 460 ea
531 397 733 460 adfirmatione
752 403 934 475 coqueretur,
956 418 1018 460 nou
1038 419 1106 464 cuce
1119 405 1186 466 alra

139 486 396 560 rationedictum,
420 483 499 558 quod
520 493 607 544 antea
626 487 755 559 positum
777 491 865 546 canet.
906 481 970 544 Noa
991 484 1129 564 timus,
1152 497 1185 548 nt

140 581 218 634 recto
238 573 327 630 vertit
348 565 500 630 Stultius:
522 573 563 627 Eu
585 569 674 644 liepcc
696 569 821 628 cdmlicit
840 587 870 626 α.
891 587 918 626 a.
937 587 986 638 tu„
1011 569 1062 629 uel
1082 572 1107 630 ci
1129 591 1185 632 ex·

139 657 276 733 plicatiua
308 654 405 714 dicere
436 652 587 712 columna:
624 653 714 712 Dolet
746 671 824 710 muca
840 671 921 712 ¹citou
950 651 1184 732 antuniana
1264 649 1268 653 ”

141 740 227 814 (vala
248 737 330 798 dalei
350 757 429 796 muca
452 755 520 796 otoo
543 739 680 808 μαίνετο),
702 735 770 796 duaa
790 736 865 794 dicae
884 735 981 796 uun
999 741 1106 796 Pcccctc
1127 757 1184 798 αντ

141 830 201 884 eice
230 824 312 882 lulla
339 824 489 896 vaporatae
514 840 570 879 con
598 819 733 878 ciacndcr
760 819 882 892 autimi
908 821 982 879 aiud.
1023 817 1069 900 ld
1085 831 1183 884 autem

142 905 262 982 Graeci,
281 914 313 965 ut
333 924 422 978 cupra
443 905 561 963 abatico
581 903 760 978 explicatum
779 911 833 977 eat,
854 905 896 960 ita
915 901 1055 979 efficiunt,
1075 915 1108 964 ut
1127 907 1183 966 ali-

142 990 212 1067 quid
238 1011 302 1048 cum
328 987 531 1048 adfirmatione
557 996 682 1062 ponant,
708 986 785 1045 undo
811 987 1009 1046 ratiocinatio
1031 987 1183 1066 efficiatur,

143 1075 220 1149 qood
241 1075 353 1147 uelint,
380 1081 456 1130 recte
477 1091 541 1130 aeae
559 1069 678 1130 habere.
718 1067 782 1130 Usu
804 1077 902 1129 autern
923 1079 953 1130 at
973 1075 1183 1136 cousuetudine

140 1158 278 1234 loquendi
305 1156 412 1216 lactum
433 1163 492 1232 ect,
517 1163 550 1213 ut
572 1157 607 1215 in
627 1155 777 1230 plerisque
797 1153 871 1218 lucia
890 1154 981 1228 plane
998 1159 1105 1218 οονὶεεε
1124 1161 1182 1220 iata

141 1243 322 1302 ratiocinatio
344 1243 397 1300 cit:
425 1242 459 1299 in
481 1239 549 1299 aliia
567 1246 663 1298 autern
682 1239 763 1313 lucia,
782 1239 833 1298 ubi
847 1241 935 1298 istam
951 1238 1182 1302 adfirmatioueua

140 1329 478 1401 priorenpcauerunt,
496 1322 529 1382 id
553 1322 633 1398 qood
653 1331 730 1382 recte
751 1331 838 1396 atque
862 1323 966 1384 ordine
986 1323 1054 1384 lieri
1076 1329 1181 1402 potuit,

140 1429 173 1468 ac
196 1419 298 1485 poutea
321 1409 437 1469 demum
459 1407 506 1482 id,
534 1406 613 1481 quod
635 1427 675 1466 ex
700 1407 751 1465 illa
773 1405 976 1466 adfirmatione
1002 1417 1183 1484 coqueretur,

20 1533 21 1536 η
141 1495 332 1568 explicarunt,
353 1494 532 1569 grammatici
556 1491 630 1550 adeo
653 1490 812 1550 adsuefacti
835 1490 1052 1568 erant'volgata
1068 1493 1182 1554 dicandi

139 1581 273 1653 νοτίοιο,
303 1586 334 1636 ut
359 1582 509 1637 iuuencum
536 1577 691 1635 uerborum
719 1575 851 1634 ordinem
881 1577 1086 1653 requirerent,
1115 1599 1181 1636 curu

141 1662 304 1718 naturalem
327 1663 431 1720 cariem
453 1680 554 1720 earnm
574 1660 806 1719 enuntiationum
826 1661 1014 1737 ignorarent,
1034 1661 1180 1738 ciuiliter,

20 1777 21 1780 =
141 1751 174 1802 nt
194 1745 227 1802 in
249 1742 296 1801 iria
315 1743 396 1820 lucia,
417 1765 491 1819 quoa
513 1744 599 1803 modo
620 1745 811 1802 tractavimus.

225 1824 286 1886 Sed
311 1848 369 1885 nou
397 1832 493 1888 minua
518 1826 702 1902 agnoscenda
725 1830 820 1902 prime
839 1827 892 1886 illa
908 1849 949 1888 =uc
969 1829 1111 1892 naturalis
1132 1833 1179 1896 via

138 1911 295 1988 particulae
318 1907 380 1995 γὰρ
402 1923 447 1972 eet
473 1915 561 1972 etiam
583 1914 615 1970 in
635 1914 673 1971 iic
693 1911 785 1987 locis,
812 1914 843 1972 iu
866 1916 970 1988 quibua
994 1914 1030 1973 ad
1051 1917 1180 1978 unitatio-

138 2015 250 2055 aumam
270 1996 351 2054 illam
373 1995 486 2056 dicendi
502 2000 644 2056 rationein
665 1995 827 2071 adhibetur,
850 2005 881 2054 ut
902 1998 965 2058 iere
987 2007 1086 2059 nostro
1107 2000 1180 2060 dona

137 2091 188 2138 ant
209 2076 321 2139 Latino
347 2101 414 2140 cccc
442 2081 490 2157 vel
520 2087 592 2140 anim
619 2081 797 2157 respondere
822 2080 963 2140 videatur.
1006 2082 1122 2162 Quibus
1145 2088 1179 2144 iu

136 2164 206 2222 lucia
236 2185 323 2242 quem
353 2164 389 2223 ad
417 2165 534 2224 modum
562 2168 661 2224 nativa
681 2166 731 2223 illa
752 2166 911 2239 particulae
932 2159 995 2250 γὰρ
1018 2169 1065 2226 via
1086 2189 1177 2243 agno·

136 2247 241 2308 acenda
272 2257 346 2308 esset
374 2252 434 2308 iam
462 2270 552 2324 cupra
578 2272 608 2325 p.
637 2256 698 2308 23³
719 2269 764 2324 aq.
790 2249 968 2323 explicatum
992 2255 1046 2330 eat.
1089 2249 1178 2313 Goni.

135 2339 284 2406 praeterea
313 2352 362 2391 ecc
390 2334 486 2408 locos,
516 2355 590 2408 quoa
620 2331 765 2393 Devarins
793 2335 890 2407 primo
915 2333 979 2392 loco
1012 2354 1042 2409 p.
1064 2338 1106 2394 48
1130 2357 1176 2412 aq.

94 2423 97 2428 '
136 2419 279 2488 tractavit,
301 2419 353 2491 qui
375 2425 470 2477 tamen
492 2421 619 2492 peccavit
636 2421 670 2478 iu
685 2438 730 2493 eo,
752 2419 829 2491 quod
843 2417 929 2476 modo
943 2417 1177 2496 adproxumum,

133 2499 220 2558 modo
242 2500 279 2558 ad
297 2503 437 2560 remotius
461 2501 537 2560 (lixit
559 2497 622 2584 γὰρ
644 2501 761 2560 referri.
803 2499 944 2560 Refertur
965 2505 1043 2561 enim
1064 2523 1178 2580 semper

134 2582 171 2641 ad
201 2583 248 2657 id,
281 2584 358 2659 quod
388 2593 449 2644 erat
477 2588 510 2643 in
532 2583 718 2658 praecedenti
737 2587 882 2642 cententio
907 2587 1087 2659 primarium.
1129 2587 1176 2647 Ac

133 2665 171 2726 de
193 2665 328 2726 laceratis
349 2669 413 2727 loco
434 2672 601 2743 Poucpyrict
622 2671 650 2739 t.
671 2670 722 2726 67.
745 2666 791 2727 ed.
812 2664 911 2725 Bekk.
934 2690 965 2742 p.
984 2674 1026 2729 ao
1044 2677 1177 2730 extrema

133 2750 179 2810 ed.
195 2749 235 2808 Η.
250 2747 353 2826 Steplt.
369 2753 457 2826 plane
469 2751 595 2810 dubitari
608 2771 667 2810 nou
680 2752 798 2826 poterit,
812 2752 846 2807 iu
860 2749 969 2824 quood
985 2743 1045 2814 οὐκ
1057 2745 1177 2837 εἷοὶθιγ.
1285 2765 1290 2786 ·

131 2853 204 2907 σαν,
225 2835 309 2909 illud,
332 2837 411 2910 qnod
432 2837 579 2911 aequitat-c
605 2828 897 2912 καταισχυνθέντες
905 2827 980 2981 γὰρ
1001 2833 1177 2900 Πελοπον-

130 2911 247 3001 νήσιον
258 2951 296 2963 -
315 2911 572 3004 ἠναγκάσθησαν
584 2919 759 2998 μετασχεῖν
772 2917 838 2980 τῶν
853 2939 904 2980 νιν
927 2939 1018 2995 ννων,
1039 2919 1175 2980 ututur.

131 2997 192 3060 Sed
223 3004 256 3060 in
283 3003 373 3063 altero
402 3003 652 3077 locoPocoqpn’cl
675 3007 704 3075 ς.
727 3007 778 3060 98.
799 3001 845 3060 ed.
867 2999 967 3062 Beki.
996 3025 1028 3080 p.
1050 3011 1101 3064 til.
1126 3003 1174 3065 cd.

130 3081 171 3143 Η.
194 3082 315 3161 stapla,
340 3090 371 3146 in
396 3107 454 3161 quo
476 3084 547 3144 haec
566 3087 658 3143 verba
677 3085 839 3144 habenturc
867 3074 891 3147 dd
920 3083 1015 3149 κοινὰ
1041 3084 1175 3150 πάντων

130 3163 201 3230 ἐστὶ
221 3170 287 3230 τῶν
306 3160 568 3276 ναυμαχούντων,
591 3159 652 3231 οὒκ
674 3157 740 3230 cid'
765 3163 795 3240 δ’,
816 3187 850 3230 τι
871 3165 923 3230 δεῖ
944 3165 1079 3262 λέγοντα
1101 3167 1176 3232 δια-

129 3246 273 3333 τρίβειν·
295 3243 318 3314 li
340 3252 360 3316 d
395 3249 483 3317 dcciv
502 3246 575 3316 ἴδια
596 3246 652 3314 καὶ
673 3249 732 3334 τῆς
752 3240 929 3334 ἡγεμονίας
942 3247 1021 3325 αξια
1034 3247 1176 3328 καὶτοῖς

127 3333 387 3420 προειρημένοις
407 3329 666 3417 ὁμολογούμενα,
688 3333 794 3397 ταῦτα
816 3323 847 3395 δ’
872 3327 952 3407 ἐμὸν
973 3327 1068 3416 ἔργον
1086 3330 1174 3399 dcclv

128 3409 249 3481 εἰπεῖν.
278 3421 438 3484 τοσοῦτον
463 3415 527 3504 γὰρ
555 3413 575 3502 ἦ
606 3411 707 3492 πόλις
732 3409 826 3502 ἡμῶν
854 3412 1022 3500 διέφερεν,
1050 3411 1102 3481 ὅτ’
1133 3410 1174 3504 ἦν

127 3491 306 3585 ἀκέραιος,
335 3497 420 3564 ὥστε
443 3495 508 3566 xci.
534 3521 595 3561 non
614 3510 693 3561 recte
712 3501 789 3560 dixit
808 3499 1009 3578 Bevcnuc‚.p.
1032 3507 1083 3562 to.
1107 3499 1150 3584 γὰ

125 3603 190 3642 nou
214 3581 251 3639 ad
273 3600 445 3656 proxumum
466 3579 559 3649 ταῦτ’
585 3581 665 3664 ἐμὸν
687 3577 783 3670 ἔργον
804 3581 892 3649 ἐστὶν
914 3577 1035 3656 εἰπεῖν,
1059 3586 1113 3646 ced
1135 3523 1173 3644 ni

125 3659 201 3730 teca
224 3661 281 3729 καὶ
303 3656 381 3741 ἄξια
401 3668 460 3749 τῆς
479 3661 671 3752 ἡγεμονίας,
705 3667 783 3743 qood
808 3671 949 3728 remotius
972 3675 1067 3744 accat,
1096 3669 1172 3728 ratc-

126 3749 252 3809 rendum
281 3769 358 3810 ease.
401 3745 437 3807 iu
464 3771 498 3809 ec
525 3755 604 3810 enim
627 3751 690 3810 loco
712 3753 760 3826 id,
793 3752 870 3826 quod
893 3752 1086 3825 inparticqla
1107 3743 1171 3833 γὰρ
1235 3799 1239 3806 .

126 3842 238 3909 spectat
260 3834 295 3893 ad
320 3832 527 3905 antecedentia,
550 3835 678 3908 pertinet
699 3833 736 3892 ad
755 3853 791 3892 ca
812 3837 894 3909 ipsa:
915 3834 1020 3895 ταῦτα
1041 3824 1075 3894 ‹l’
1092 3827 1172 3908 ἐμὸν

127 3910 225 3998 ἔργον
246 3913 333 3982 ἐστὶν
355 3911 472 3982 εἰπεῖν.
516 3913 677 3992 (louiungit
695 3918 774 3975 euim
794 3913 867 3999 γάρ,
889 3921 921 3972 ut
941 3917 973 3973 tn
991 3914 1090 3975 multia
1102 3915 1170 3978 aliia

125 3999 215 4077 loeis,
237 4002 273 4062 de
296 4005 404 4077 quibua
427 4020 516 4078 cupra
539 3998 682 4076 vidimus,
708 4001 750 4058 lta
772 3996 827 4057 lca
849 4015 964 4074 quoque
984 3999 1048 4059 loeo
1069 4019 1169 4062 narra·

126 4085 215 4144 tionis
235 4089 412 4165 principium
433 4105 497 4149 cuin
517 4105 553 4148 aa
573 4085 715 4166 oratioue,
735 4103 812 4163 quaa
827 4084 926 4161 ipsiu
944 4082 1094 4162 loquentia
1113 4097 1169 4163 eat,
1235 4085 1242 4092 “
