2974 4588
583 249 709 364 atto.
1129 261 1170 330 to

124 421 196 496 ἀλλ’
219 419 259 493 οὗ
281 427 354 503 τοῖς
372 418 634 513 ἀποτρέπουσιν.
676 425 716 487 Et
736 424 809 488 haee
831 431 924 490 oratio
945 449 1000 506 per
1020 451 1051 492 ee
1072 433 1171 510 inepta

123 537 188 576 nou
214 521 274 588 est,
304 512 356 573 sed
382 513 423 571 itu
450 510 687 586 interpretanda,
717 533 804 586 quem
826 513 999 574 admodum
1020 536 1111 591 snpra
1133 517 1170 578 ad

123 622 157 676 p.
184 604 216 658 7.
246 594 431 674 Thucydidis
462 594 602 672 quosdam
631 596 713 656 locos
745 597 934 672 explicandos
963 599 1105 676 vidimus,
1138 610 1170 660 ut

122 683 181 743 hoc
205 681 331 740 dicaturr
362 675 466 740 Ver'ttot
486 680 596 739 molani
617 685 851 758 circumponas
873 701 940 754 ossa,
963 689 1011 760 qai
1025 705 1082 744 ιυιο
1097 689 1169 744 oilla

125 771 312 836 eonomitttmt,
333 765 381 824 eod
401 783 458 824 ιιοιι
477 779 539 822 caat
561 768 606 834 iis,
629 769 677 840 qai
699 765 856 840 repudiant.
900 765 1021 846 Quare
1043 767 1169 829 dubitari

126 857 244 927 potest,
280 869 350 907 num
377 847 425 923 id,
465 845 544 923 quod
570 845 654 910 Imm.
682 845 839 907 Balskerus
870 869 908 908 ex
938 851 1000 910 cod.
1031 848 1169 912 Urbinati

126 945 247 1010 optumo
266 933 319 992 illo
341 932 458 1008 quidem
479 933 555 990 libro
575 934 723 1006 reposuit:
747 927 816 995 Kal
832 927 894 1018 γὰρ
911 927 1055 1010 ἐκείνους
1069 931 1168 1000 ἐπαι-
1253 963 1260 973 ’

125 1019 223 1082 νοῦσι
250 1012 324 1096 μέν,
354 1008 550 1100 πλησιάζειν
574 1013 611 1078 δὲ
632 1009 810 1094 βούλονται
830 1020 903 1090 τοῖς
922 1013 1168 1103 συνεξαμαρτά-

123 1121 249 1172 νουσιν,
271 1091 342 1162 ἀλλ’
368 1091 407 1164 οὗ
427 1102 499 1174 τοῖς
519 1089 777 1184 ἀποτρέπουσιν,
799 1101 835 1158 ab
851 1101 917 1174 ipsa
929 1099 1063 1162 laceratis
1081 1123 1168 1163 mann

123 1185 290 1262 proiectum
309 1186 355 1242 sit.
415 1209 418 1216 ¹
1284 1225 1288 1234 .

211 1268 247 1328 P.
269 1273 301 1332 9.
336 1265 432 1347 Quem
452 1264 599 1326 Devarins
619 1264 722 1325 adtulit
742 1262 910 1328 Aristotelis
931 1270 1036 1345 locum,
1056 1273 1088 1329 in
1110 1266 1248 1346 quo'All’
1269 1264 1335 1344 ἄρα.

127 1342 198 1416 dti'
222 1343 289 1434 doct
312 1353 495 1426 exceptivam
517 1353 577 1410 rim
596 1349 717 1410 haberet
737 1360 765 1410 et
784 1373 838 1425 pro
864 1346 895 1416 al
915 1348 960 1436 μὴ
982 1357 1169 1432 acciperetur,
1204 1377 1236 1426 ι).
1253 1377 1282 1426 o.

125 1441 154 1496 is
179 1437 289 1514 legitur
313 1439 346 1496 in
373 1437 466 1494 Etltio.
489 1435 528 1494 od
548 1437 660 1494 mecm.
688 1434 740 1493 lib.
768 1432 825 1496 ΙΙΙ.
856 1457 918 1512 cap.
946 1445 976 1496 2.
1006 1443 1034 1512 5.
1063 1445 1113 1500 16.
1140 1451 1170 1502 et

125 1528 205 1582 recte
225 1542 303 1582 nunc
319 1523 360 1580 ita
380 1518 473 1578 editus
492 1527 550 1577 est:
583 1515 625 1581 Ti
645 1507 703 1582 cdv
725 1509 747 1602 ἢ
767 1519 866 1582 ποῖον
883 1515 918 1584 σι’
929 1516 1037 1595 doctas
1049 1518 1167 1612 ἐπειδὴ

125 1605 193 1668 σῶν
221 1598 400 1706 εἰρημένων
428 1593 522 1666 οὐδέν
544 1596 650 1678 ἐσιινς
679 1592 830 1665 ἑκούσιον
849 1599 911 1680 μὲν
932 1600 971 1686 δὴ
995 1599 1171 1688 φαίνεται·

127 1683 167 1750 τὸ
198 1680 228 1751 d’
260 1679 410 1751 εκοὺσιον
439 1676 478 1748 οὗ
506 1686 575 1749 πᾶν
603 1681 814 1769 προσίοιτον.
853 1677 940 1748 Ἀλλ’
972 1675 1039 1771 ἆρά
1066 1710 1103 1769 γε
1129 1686 1169 1754 τὸ

129 1765 474 1874 προβιβουλεομένονς
507 1759 524 1852 ἦ
555 1761 617 1850 γὰρ
646 1761 845 1852 προαίρεσις
871 1763 957 1848 μετὰ
983 1764 1083 1851 λόγου
1113 1770 1171 1838 καὶ

129 1853 309 1931 διανσιας.,
339 1875 396 1927 qna
422 1855 649 1930 interrogatione
671 1849 726 1910 lroc
745 1852 809 1911 sere
831 1851 952 1912 dicitur:
979 1856 1075 1915 Atteto
1094 1859 1171 1918 woltl

127 1939 201 1998 doclt
221 1939 274 1998 dos
297 1934 627 2007 Vorlterltescltloeseoel,
649 1938 688 1994 ito
710 1942 744 1994 ut
765 1927 864 2009 ἄλλά,
886 1958 974 2012 quem
995 1938 1170 2002 admodum

127 2030 206 2082 reete
224 2021 260 2081 da
280 2023 381 2081 ceteris
391 2019 485 2080 'huius
506 2021 584 2078 modi
603 2021 673 2078 locis
691 2019 828 2079 indicarit
846 2031 944 2081 auctor
956 2031 1066 2100 noster,
1088 2045 1170 2086 snam
1246 2017 1255 2029 ’

127 2109 278 2182 propriam
299 2109 360 2164 vim
379 2107 511 2164 retineat.
552 2094 722 2166 lttud'dtt'
748 2093 815 2188 ἄρα
833 2112 946 2180 tamen,
969 2106 1048 2183 quod
1068 2105 1170 2170 Deva·

127 2193 191 2250 rins
211 2190 361 2265 explicare
380 2187 428 2246 hic
446 2189 548 2260 voluit,
569 2188 636 2246 aliis
659 2188 730 2247 loeis
751 2189 850 2248 miultis
867 2189 985 2266 legitur,
1008 2192 1044 2250 de
1065 2195 1171 2267 quibus

129 2276 269 2349 quoniam
297 2271 480 2348 Hartungins
503 2291 598 2346 nuper
623 2272 643 2329 l.
668 2271 689 2330 l.
716 2271 775 2332 vol.
801 2269 826 2331 l.
854 2293 884 2347 p.
915 2277 987 2333 441.
1015 2297 1076 2334 nou
1102 2281 1171 2338 satis
1208 2285 1211 2294 ’

128 2367 207 2418 recta
231 2357 426 2432 disputavisse
447 2356 579 2432 videtur,
606 2356 736 2415 breviter
759 2358 845 2436 uoltis
865 2355 1018 2417 dicendam
1040 2369 1091 2419 est.
1135 2359 1172 2430 la

128 2440 177 2501 ltin
204 2445 283 2500 enim
307 2443 379 2500 locis
406 2442 557 2514 utriusque
584 2439 740 2514 particulae
764 2443 883 2515 propria
911 2445 957 2502 uis
976 2445 1062 2503 facile
1082 2465 1173 2522 agno·

129 2525 229 2586 scitur.
266 2516 369 2586 Ἀλλὰ
393 2527 470 2582 enirn
495 2543 573 2598 rem,
602 2541 678 2596 (prae
698 2526 757 2582 iam
779 2527 928 2601 seqnitur,
956 2530 1039 2600 (faosi
1064 2549 1172 2588 noram

130 2611 159 2670 ei
184 2603 247 2682 τοῖ’,
278 2627 353 2684 qnae
380 2609 551 2680 antecessit,
579 2608 719 2680 opponit,
747 2606 779 2665 id
805 2619 918 2684 antem,
948 2609 1026 2683 qnod
1055 2611 1171 2689 deinde,
1209 2667 1216 2674 .
1246 2675 1250 2684 ,

131 2693 303 2767 plerumque
329 2692 478 2763 interiecta
506 2691 565 2748 alia
590 2709 676 2762 voce,
707 2689 839 2748 adiicitur
863 2683 946 2774 ipa,
974 2693 1063 2750 multo
1090 2715 1171 2752 oecos

132 2786 221 2850 atque
240 2774 424 2849 Hartnngiua
443 2777 558 2857 statarii,
584 2773 705 2845 respicit
727 2781 822 2828 tamen
846 2771 882 2831 ad
902 2791 953 2848 ea,
982 2794 1057 2847 qnae
1078 2795 1172 2852 usque

131 2859 226 2934 adhuc
251 2869 312 2918 acta
338 2867 424 2932 sunt,
451 2867 499 2916 aut
528 2858 615 2916 etiam
643 2855 680 2913 ad
707 2875 823 2914 omnem
843 2876 939 2915 rerum
961 2858 1172 2936 condicionem,

131 2955 180 3018 ut,
207 2943 287 3019 qnod
306 2945 461 3018 opponitur
481 2943 526 3015 ei,
552 2939 628 3016 quod
649 2941 708 2998 iam
729 2949 822 2998 actum
840 2949 900 3017 est,
926 2953 1021 3002 tamen
1045 2944 1172 3018 quodam

129 3027 217 3087 modo
239 3047 279 3087 ex
299 3028 449 3102 praesenti
471 3045 569 3084 rernm
590 3033 666 3084 statu
687 3023 864 3101 deducatur‚·
886 3029 972 3099 qnasi
994 3031 1172 3089 conveniens

132 3111 272 3187 quiddam
299 3131 333 3170 ao
354 3111 397 3170 rei
418 3108 676 3182 accommodatam,
705 3128 764 3183 qua
785 3107 821 3168 de
843 3129 874 3168 re
893 3111 970 3167 inira
990 3113 1108 3170 uberius
1130 3112 1174 3170 di-

131 3195 255 3254 cendnm
285 3199 341 3254 erit
369 3192 405 3252 ad
432 3215 464 3268 p.
491 3196 559 3268 to,
586 3193 636 3250 ubi
660 3191 696 3250 de
717 3191 856 3266 porticula
879 3181 946 3276 ἄρα
967 3203 1079 3264 agetur.
1123 3192 1174 3255 Sic
1202 3193 1207 3204 “

130 3281 165 3339 in
188 3279 241 3339 illo
260 3277 383 3338 Homeri
406 3276 469 3336 loco
494 3297 533 3336 ex
556 3276 669 3335 Iliados
687 3276 741 3334 lib.
759 3272 887 3338 xxiv.
908 3294 937 3335 v.
961 3276 1032 3334 522.

353 3405 421 3464 ’Ati'
440 3402 492 3480 llys
510 3404 543 3476 dol
561 3403 616 3461 κατ’
637 3399 678 3480 iip'
698 3404 755 3468 ἕζευ
774 3403 820 3459 int
836 3401 951 3480 θρόνου.
982 3415 990 3430 “

131 3534 274 3602 nonita,
295 3533 337 3591 uti
358 3531 451 3591 voluit
471 3529 670 3605 Hartnngius,
691 3529 832 3603 particula
854 3518 921 3614 ἷιῖρα
941 3530 1098 3608 significat,
1118 3533 1174 3592 mi'·

129 3634 224 3677 nume
249 3615 385 3676 debuisse
411 3614 560 3680 Priamum
587 3613 661 3672 hanc
686 3613 814 3674 Actitlts
838 3613 1087 3689 betrevolentiam‚
1116 3637 1186 3690 qua

130 3719 239 3762 senem
264 3702 344 3759 iubet
367 3703 399 3759 in
421 3701 495 3759 solio
517 3699 684 3772 considere,
711 3707 896 3772 exspectare:
925 3710 1001 3757 esset
1024 3701 1102 3756 enim
1126 3720 1175 3754 rn-

130 3786 214 3858 stici,
242 3805 301 3842 non
329 3788 426 3860 regis,
456 3783 562 3842 nedum
586 3785 663 3856 regis
687 3780 830 3854 Achillis,
858 3781 913 3840 lroo
933 3783 997 3838 oeni
1021 3784 1060 3837 ita
1082 3783 1175 3856 sigui-

130 3869 240 3929 ficeret
270 3867 323 3926 sed
344 3868 418 3926 illud
437 3871 533 3943 potius
555 3867 694 3940 declarat,
716 3869 803 3923 rebus
822 3867 863 3922 ita
884 3865 1053 3935 comparatis
1074 3861 1176 3924 decere

130 3972 236 4014 senem
262 3955 295 4011 in
323 3954 398 4012 solio
420 3951 588 4025 considere,
612 3951 643 4008 id
664 3948 851 4024 quodetiam
873 3965 913 4005 ex
934 3954 993 4004 toto
1018 3947 1080 4007 loco
1102 3953 1175 4010 sotio
1290 3975 1293 3990 ι

128 4045 266 4112 apparet.
326 4035 404 4098 llam
442 4058 507 4096 oum
539 4043 624 4094 antea
658 4053 686 4094 v.
719 4033 779 4089 oto
811 4049 857 4105 sq.
892 4029 999 4091 dictum
1032 4043 1108 4094 esset
1139 4034 1176 4094 do

128 4119 272 4182 Achille:
953 4199 968 4236 ⁴¹
