2974 4588
328 257 350 323 2
476 353 480 364 1
789 248 916 320 ἀλλά.
962 263 970 271 ”

329 427 420 486 heire
446 443 511 486 oout
530 425 635 484 Acuent
663 424 712 486 der
732 423 919 500 prieeiiaciaeu
942 417 1089 501 sprecie)
1119 445 1148 499 p.
1173 427 1263 502 3³4„
1291 427 1375 500 item,

328 517 360 570 ut
388 527 444 584 ego
469 509 612 584 arbitror,
641 528 683 568 ex
710 508 874 584 antiquiore
901 525 1036 567 aernnone
1064 511 1254 568 retinuerunt.
1295 508 1376 570 Illud

328 594 425 668 enim,
454 590 531 667 quod
558 600 618 651 tam
645 610 734 666 anepe
764 591 977 666 usurpabatur,
997 611 1092 666 ⁸quam
1119 591 1299 652 cotidianum
1318 592 1375 654 hoc

326 665 426 752 ditet,
447 677 554 735 maurit
575 676 738 750 antiquum,
759 694 814 734 nee
834 677 929 749 potuit
949 677 981 732 in
1001 675 1091 733 aliam
1110 675 1236 736 formam
1247 680 1372 736 mutari:

328 779 421 836 eoque
443 759 592 819 lubentius
612 756 668 818 hoc
689 758 794 818 cultior
815 777 932 832 qnoque
953 777 1049 817 aetrno
1068 762 1203 836 agnovit,
1232 761 1311 834 quod
1331 763 1374 819 sic

327 846 417 904 etiam
437 843 577 918 particula
597 832 685 906 aitte
703 843 742 900 ab
763 841 856 900 altera
875 841 989 916 sonna,
1016 833 1130 915 in'qun
1151 853 1284 904 accentus
1310 851 1375 904 eret

327 921 465 1004 mutatur,
485 934 583 1002 posset
603 924 753 1001 distingui.
797 921 862 984 Hoc
884 923 974 1000 igitur
994 925 1058 984 aire
1080 917 1165 988 titia
1186 928 1249 991 aire
1274 919 1374 1004 ἄλλά,

329 1029 453 1085 quocum
473 1007 516 1068 lo.
533 1006 596 1069 Ad.
615 1007 796 1083 Hartungine
816 1008 850 1066 in
870 1011 1009 1068 Demetrio
1025 1009 1230 1086 particulorum
1247 1012 1373 1074 Graecae

266 1151 268 1158 ,
329 1095 442 1170 uppem
469 1095 578 1164 (Latere
602 1111 656 1151 oon
683 1092 735 1150 dea
764 1091 911 1158 Portiieeln
939 1091 989 1148 der
1015 1093 1203 1166 priociaieciree
1229 1095 1372 1170 Sprocire)

328 1179 388 1240 vol.
406 1174 447 1236 tl.
475 1198 505 1250 p.
530 1181 572 1234 30
594 1195 639 1250 aq.
665 1181 742 1234 recte
771 1175 949 1248 comparavit
968 1170 1135 1234 Gothorum
1153 1175 1219 1254 aiio
1243 1181 1371 1248 (ausser,

328 1279 398 1327 oure
423 1259 529 1329 atteia,
560 1267 593 1316 nt
613 1261 676 1334 ipae
696 1259 922 1333 interpretatur)
951 1266 981 1316 et
1003 1257 1078 1316 iilud
1097 1261 1130 1318 in
1151 1261 1373 1334 septentrionali

329 1341 489 1404 Germania
509 1343 580 1402 olim
595 1350 764 1417 usurpatum
778 1342 836 1402 aiio
856 1342 960 1415 (edua,
978 1346 1046 1413 out)
1067 1351 1095 1403 et
1107 1342 1147 1417 id,
1167 1342 1244 1416 quod
1260 1350 1372 1402 tantum

329 1426 416 1486 modo
437 1446 504 1486 caan
524 1427 583 1486 alio
602 1435 690 1502 earet,
711 1426 778 1486 oilae
798 1426 911 1500 (ιδὶιιο)
932 1423 1179 1500 Angloaaxonum
1191 1432 1227 1484 et
1239 1434 1372 1488 veterum

277 1555 279 1570 .
329 1507 544 1570 Germanorum
564 1509 670 1570 attente
691 1499 826 1590 (πλήν),
848 1506 885 1568 de
907 1529 965 1583 quo
986 1507 1084 1567 laudat
1103 1507 1241 1570 Grimmii
1264 1513 1372 1570 Greut-

328 1599 464 1652 utotioom
480 1595 678 1662 Gemuuieom
692 1593 832 1665 (toutaeiae
850 1593 1047 1664 Grunrurmik)
1062 1591 1121 1652 voi.
1132 1589 1188 1650 111.
1199 1613 1229 1667 p.
1243 1598 1303 1652 187
1313 1614 1372 1670 aq,

329 1683 462 1736 nostrum
484 1676 611 1751 deniquo
630 1675 727 1750 eiiciet,
748 1673 814 1752 inec,
838 1678 970 1751 inquam,
994 1665 1080 1738 itti
1100 1695 1166 1736 um
1187 1695 1261 1751 rem,
1283 1698 1372 1752 qnam

328 1758 433 1818 dictori
459 1779 576 1835 eumue,
602 1761 728 1820 secernit
755 1759 791 1818 ab
821 1759 873 1817 iiia
901 1780 951 1833 re,
980 1757 1023 1830 te
1044 1779 1102 1835 qun
1124 1767 1174 1819 aut
1194 1752 1273 1820 t‘aciti
1294 1761 1372 1836 apud

329 1845 459 1902 animum
478 1851 546 1902 aute
567 1842 762 1916 cogitabamus
781 1850 832 1898 out
850 1839 1032 1902 antecedenti
1048 1844 1180 1902 oratione
1192 1846 1372 1904 mentionem

328 1927 463 2002 fecimus,
485 1927 528 1983 ita
549 1933 581 1984 ot
602 1927 686 1998 quari
706 1923 850 2000 aingulari
868 1945 901 1983 ac
913 1943 966 1999 per
978 1941 1010 1982 ae
1025 1923 1159 1984 absoluta
1171 1929 1371 1988 enuntiatione

329 2003 456 2086 dicetur,
479 2009 558 2068 eitad
578 2013 638 2067 ioue
658 2009 710 2068 itoo
734 2027 809 2078 erae,
828 2007 906 2082 quod
927 2026 1026 2068 eumue
1046 2005 1168 2084 dictori,
1189 2017 1278 2083 etque
1296 2011 1372 2080 iliud

327 2092 427 2168 tuerit,
450 2091 527 2167 quod
545 2099 594 2152 aut
614 2091 787 2167 cogitatione
808 2090 952 2150 volvimur
966 2097 1016 2148 ant
1028 2091 1160 2150 oratione
1173 2097 1370 2168 expressimus

329 2183 411 2252 ante,
434 2175 536 2235 eodem
556 2194 675 2249 proraue
696 2173 794 2248 modo,
815 2193 874 2248 qno
892 2171 1069 2248 Latinorum
1089 2193 1186 2244 oerum
1209 2179 1370 2252 antiquitus

328 2261 557 2319 enuntiationem
586 2264 747 2334 separatam
776 2263 805 2315 et
832 2275 885 2330 per
910 2275 944 2316 ee
971 2265 1149 2316 constantem
1171 2259 1303 2321 effecisse
1323 2265 1369 2322 vi.

278 2371 286 2384 ν
329 2342 422 2404 detur.
464 2339 527 2402 Sed
552 2343 708 2416 quoniam,
735 2341 762 2401 ei
788 2337 859 2414 quid
885 2339 922 2398 ab
944 2339 1038 2398 altero
1058 2339 1268 2421 decernimus,
1297 2344 1369 2406 duaa

328 2446 376 2486 res
400 2445 566 2502 comparare
587 2423 725 2484 debemua
746 2441 780 2480 ac
804 2441 990 2499 componere,
1014 2443 1075 2482 non
1095 2427 1189 2500 potuit
1208 2425 1274 2486 fieri
1295 2431 1369 2502 quin

304 2507 384 2569 -hoc
405 2499 508 2584 ditet,
529 2509 583 2566 etei
605 2526 660 2581 per
677 2524 711 2566 ae
730 2505 883 2579 copulandi
903 2508 964 2565 vim
984 2527 1045 2566 non
1064 2503 1201 2585 haberet,
1221 2509 1369 2574 videretur

328 2596 417 2653 etiarn
438 2595 613 2666 coniungere
626 2589 792 2649 sententiaa.
834 2585 886 2649 Sic
898 2591 988 2666 igitur
1000 2591 1034 2650 in
1046 2591 1098 2652 iiio
1112 2593 1250 2668 exemplo
1262 2595 1369 2657 sactum

327 2688 387 2754 aet,
411 2673 489 2758 quod
511 2671 615 2733 adtulit
633 2669 778 2761 Devariue
799 2693 832 2750 p.
855 2681 884 2736 1.
905 2694 945 2734 ex
963 2671 1088 2738 Homeri
1110 2677 1250 2751 Odueaeee
1267 2670 1321 2741 tit.
1342 2678 1366 2738 1.
1484 2753 1485 2756 Ἴ

327 2781 357 2824 v.
378 2761 419 2822 46
440 2780 506 2836 eqq.
1244 2791 1248 2796 ·

443 2935 448 2946 Ι
485 2851 522 2922 ‘a
541 2868 626 2942 ποὶτερ
644 2867 768 2950 ἡμέρερε,
788 2871 920 2943 Κρονίδη,
941 2866 1028 2926 ὕπατε
1045 2865 1201 2942 κρειόντων,

493 2941 541 2992 καὶ
556 2942 587 2991 tr
603 2956 619 2992 ν
635 2944 724 2998 κεῖνος
741 2955 774 3006 γε
791 2934 889 2992 ἔοικὸτι
906 2943 992 2992 κεῖται
1009 2937 1123 3010 ὀλέθρῳ.

491 3003 529 3066 ὠς
544 3005 673 3062 duodone
692 3007 740 3059 καὶ
757 2999 847 3074 ἄλλος,
865 3003 920 3066 ὅτις
935 3001 1045 3060 τοιαῦτά
1062 3024 1095 3075 γε
1113 3005 1192 3087 ῥέζοι.

485 3071 560 3128 ἀλλά
572 3093 627 3160 μοι
642 3071 712 3145 ἀμφ’
729 3071 842 3140 Ὀδυσῆϊ
858 3071 991 3149 δαΐφρονι
1006 3073 1112 3130 δαίεται
1125 3091 1199 3147 prop,

489 3143 620 3216 δοσμορῳ
639 3141 694 3200 aad.

326 3245 462 3326 Namque
487 3249 520 3308 in
544 3247 640 3310 verbis
667 3243 731 3306 his:
760 3235 847 3307 ἄλλά
866 3265 926 3322 μοι
947 3233 1031 3329 ἄμφ’
1050 3233 1191 3328 Ὀδυσῆΐ
1207 3241 1365 3334 δαΐφρονι

328 3328 458 3396 δαίεται
480 3319 561 3416 ἦτορ
585 3323 660 3406 aad„
681 3327 822 3406 particula
844 3320 931 3389 citici
954 3347 1009 3402 per
1031 3348 1062 3388 ee
1083 3325 1160 3388 nihil
1183 3330 1262 3391 aiiud
1275 3337 1365 3410 signi·
1435 3375 1439 3385 .

327 3414 404 3492 ticet,
425 3415 484 3474 uisi
504 3411 593 3474 eiiam
613 3431 671 3473 rem
692 3431 761 3482 eoae,
783 3431 870 3486 qnam
888 3431 966 3470 nrrno
986 3409 1097 3472 dictura
1117 3409 1313 3496 eitMinerra,
1335 3429 1365 3480 et

327 3501 369 3560 nic
397 3497 513 3556 demum
539 3497 686 3571 componit
711 3497 791 3553 inter
816 3513 848 3554 ea
876 3497 1031 3555 sententiaa
1059 3516 1169 3572 eaeque
1196 3503 1363 3578 coniungit:

327 3583 371 3643 aie
390 3583 477 3640 etiam
498 3582 530 3638 in
553 3580 693 3654 odysseae
712 3575 788 3636 libro
805 3573 894 3636 xlv.
915 3597 945 3638 v.
967 3585 1007 3638 ³2
1028 3599 1105 3656 sqq,
1125 3603 1184 3656 quo
1205 3583 1268 3646 loco
1285 3583 1363 3647 Har-

327 3665 446 3743 tungina
466 3663 487 3722 i.
510 3661 531 3722 i.
552 3665 584 3721 in
608 3661 711 3720 eadem
728 3679 830 3722 caueae
850 3663 950 3740 utitor,
970 3681 1018 3722 rea
1038 3683 1071 3725 ee
1090 3663 1194 3726 habet:

455 3769 550 3830 ”Eudo
567 3751 656 3856 xeu'pi
670 3771 727 3856 πᾴρ
744 3775 861 3844 σταθμῷ
879 3772 1013 3831 ἀεικέλιον
1029 3771 1122 3832 πάθεν
1134 3753 1230 3850 ¹iiiyor.
1296 3825 1300 3832 .

464 3839 532 3902 attat
550 3847 670 3910 συβωιης
686 3861 743 3895 uec
760 3847 828 3898 ποσὶ
844 3849 1002 3916 κραιπνοῖσι
1019 3843 1170 3916 μετασπών
1225 3880 1230 3888 -

462 3909 548 3966 tecet
567 3907 620 3965 ere
636 3904 790 3985 πρόθυρον,
811 3913 891 3974 κῦτος
908 3911 942 3966 δέ
958 3915 985 3968 oi
1004 3914 1103 3968 ἔκπεσε
1114 3907 1225 3986 perede,

327 4017 377 4078 ubi
393 4017 434 4076 ita
456 4013 572 4076 demum
593 4015 733 4094 particula
755 4007 842 4082 <itti
863 4015 936 4078 dnae
959 4039 1007 4080 ree
1028 4018 1260 4098 coniunguntur,
1283 4021 1361 4098 quod
1481 4069 1482 4098 ᾗ

326 4121 363 4164 ea
389 4101 532 4164 indicator
554 4100 633 4162 alind
661 4102 770 4164 facturn
796 4099 851 4162 ltoo
872 4123 954 4182 asae,
990 4100 1068 4178 quod
1096 4103 1155 4160 iam
1183 4107 1360 4186 narrabitur,
