3016 4580
628 225 723 321 γάρ·
1135 225 1197 295 271

151 409 292 486 periatur,
314 401 405 464 veluti
427 402 533 462 factum
555 401 649 460 estin
674 397 821 472 illelom,
843 419 930 476 qoem
950 419 1037 475 aapra
1051 401 1200 474 peaninrue

153 514 193 554 ex
212 488 424 565 Xenophontis
450 485 609 570 Disciplina
636 487 702 558 cprt
724 483 776 544 lita.
797 480 887 544 Vlll.
909 505 972 561 cap.
994 489 1024 544 7.
1046 488 1074 557 ς.
1100 489 1149 544 17.

236 573 364 634 Exime
390 571 585 646 diapntntiona
615 577 716 628 noatra
746 567 803 628 hcc
825 571 931 646 opinor
951 569 1121 645 apparebit,
1149 588 1200 628 cnr

71 679 82 688 ’
152 660 253 720 multia
276 660 309 718 ia
331 658 421 732 lucio,
451 655 554 731 quibua
580 648 643 735 γὰρ
663 653 802 752 pafticqla
823 662 941 729 optume
959 659 1114 730 congruat,
1142 653 1201 712 dici

152 755 252 804 tamen
281 737 516 801 commodanon
544 739 641 813 pcaait
667 755 731 820 γαρ
758 757 820 799 τοι.
862 736 939 798 Sunt
963 739 1043 797 enim
1065 737 1139 811 loci,
1167 737 1201 796 in
1316 753 1322 762 ’

155 830 262 904 qnibna
290 824 505 884 ratiocinationi
532 824 579 880 lati
601 819 785 882 ccnclnairae
807 819 889 882 lccua
910 823 998 882 facile
1019 818 1201 896 concedatur,

157 914 310 970 universae
338 915 435 967 autem
465 906 678 966 adaereraticni
699 904 817 965 concedi
837 905 917 965 locna
936 909 990 966 rix
1010 907 1111 981 pcaait.
1153 901 1200 963 lta

154 997 323 1056 redmaume
344 991 479 1051 iudicarit
497 988 581 1049 lnam.
602 985 771 1064 Bakkerua,
792 989 923 1062 quadiu
945 987 1074 1049 Plutonia
1093 993 1200 1048 Prota·

153 1099 225 1156 qorn
250 1075 330 1136 Part.
352 1073 378 1138 Ι.
400 1075 459 1135 vol.
482 1071 509 1133 l.
532 1095 562 1148 p.
588 1079 665 1146 160,
688 1076 719 1132 4.
746 1092 818 1133 auae
844 1073 913 1132 edit.
939 1095 969 1149 p.
994 1076 1065 1132 314.
1087 1071 1126 1134 Ε.
1153 1071 1198 1132 ed.

154 1161 194 1224 Η.
222 1159 326 1236 Steplr.
355 1161 485 1234 acripeitc
520 1146 606 1218 Ἀλλ’
633 1145 795 1237 ὦ’γαθέ,
824 1149 900 1219 olr'ta
927 1153 1022 1239 παρὰ
1050 1149 1200 1220 Καλλίαν

154 1242 277 1330 ἥκαμεν
298 1233 372 1308 οὔτε
395 1235 553 1325 σοφισταί
574 1235 681 1320 ἐσμεν,
703 1230 789 1301 ἀλλὰ
802 1236 943 1325 θαρρεῖ·
970 1231 1201 1324 Πρωταγόραν

154 1322 217 1410 γάρ
239 1349 271 1390 τι
293 1321 443 1402 δεόμενοι
466 1317 549 1386 ἰδεῖν
570 1314 727 1406 ἤλθομεν.
751 1315 953 1404 εἶσάγγειλον
970 1312 1039 1388 οὖν.
1082 1325 1114 1386 Γ
1112 1317 1154 1406 ιέρ
1168 1344 1200 1384 τι

155 1414 233 1472 caim
267 1430 307 1471 ex
333 1410 419 1468 libria
447 1426 521 1481 quoa
550 1408 615 1482 ipae
642 1405 764 1464 cuntulit
790 1406 929 1466 tredecim
951 1404 1059 1467 lrabeat
1083 1427 1200 1480 novena,

155 1515 244 1570 quom
271 1501 408 1568 quattuor
434 1493 502 1550 libri
531 1490 580 1566 id,
609 1487 688 1564 qucd
714 1489 782 1548 inde
804 1491 842 1550 ab
865 1487 907 1550 ll.
929 1487 1079 1566 Stephano
1099 1491 1199 1565 uolgu-

153 1581 256 1638 betur:
281 1571 344 1660 γάρ
365 1597 430 1652 τοι,
449 1573 618 1635 exhibeant.
660 1571 695 1632 ld
715 1573 802 1632 facile
824 1574 919 1633 doceri
938 1581 1034 1650 pateat
1054 1575 1125 1633 ferri
1146 1573 1202 1634 lucc

155 1662 222 1721 loco
250 1681 310 1719 non
338 1679 432 1736 pocae.
474 1657 553 1719 Nam
573 1647 684 1716 famulo
706 1653 816 1716 Galliae
837 1679 897 1717 non
918 1665 981 1718 erat
1001 1658 1094 1732 iatud‚
1122 1657 1201 1732 qaod

156 1743 335 1820 Protagorae
369 1763 482 1818 cauam,
520 1763 582 1801 non
613 1739 724 1800 Galliae
751 1743 918 1819 vaniorem,
953 1762 1007 1818 per
1035 1745 1201 1802 universam

157 1830 303 1907 quandam
325 1827 575 1888 adsentationem
597 1823 805 1902 aperiendam,
836 1825 889 1886 aed
910 1833 1021 1884 tantuna
1044 1826 1130 1886 moda
1153 1845 1202 1887 raa

156 1911 364 1989 aignilicanda‚
396 1932 453 1988 qua
485 1921 569 1970 tenua
597 1909 654 1968 lauc
681 1909 809 1984 laceret,
838 1909 917 1987 qnod
945 1910 981 1970 lit
1010 1921 1126 1986 optume
1146 1927 1202 1986 par

156 1997 316 2074 simplicem
340 1995 510 2071 particulam
533 1987 606 2078 γάρ.
650 1993 748 2074 Quam
770 1995 807 2053 ob
828 2015 891 2055 rem
913 2015 974 2054 non
994 1997 1098 2071 protam
1123 1993 1203 2070 qnod

155 2079 234 2140 laune
261 2098 379 2156 quoqne
408 2081 502 2139 locum
528 2081 627 2154 poenit
648 2077 831 2153 llartnugina
856 2077 1029 2156 vot.11.p.
1052 2083 1123 2140 353.
1147 2099 1201 2156 pro
1256 2071 1261 2082 .

157 2166 293 2240 exemplo
313 2165 517 2240 particularum
538 2155 601 2244 γ’άρ
623 2181 684 2225 τοι.
726 2161 840 2222 Eodem
860 2162 947 2222 modo
965 2183 1043 2222 nunc
1063 2171 1140 2222 recte
1162 2181 1203 2222 ex

156 2249 239 2308 libria
271 2251 398 2324 optumia
432 2268 465 2307 ac
496 2246 641 2322 plurumis
673 2245 782 2306 editam
816 2256 859 2307 eat
889 2247 966 2324 apud
1000 2245 1204 2322 Thucydidem

99 2357 102 2364 ·
156 2332 209 2392 lib.
232 2328 305 2392 vll.
328 2353 391 2407 cap.
413 2335 463 2390 3³.
497 2325 620 2408 Σχεδὸν
645 2322 709 2409 γάρ
735 2351 770 2393 τι
797 2320 861 2416 ἤδη
888 2331 984 2395 πᾶσα
1009 2323 1030 2416 ἡ
1057 2324 1203 2402 Σικελία,
1241 2375 1246 2386 »

156 2409 246 2498 πλὴν
260 2407 530 2501 Ἀκραγαντίνων,
554 2399 649 2504 οὗτοι
671 2409 703 2475 d'
722 2404 801 2478 nidd
821 2406 898 2492 μεθ’
915 2409 1034 2497 ἑτέρων
1055 2403 1145 2500 ἦσαν,
1168 2407 1212 2478 οἱ

159 2489 191 2562 d'
217 2491 315 2562 ditor
341 2493 399 2562 ἐπὶ
423 2491 500 2574 τοὺς
521 2487 723 2579 Ἀθηναίους
741 2493 826 2574 μετὰ
848 2496 913 2559 τῶν
933 2493 1148 2582 Συρακοσίων
1169 2491 1204 2561 ol

157 2575 321 2666 πρότερον
342 2575 585 2665 περιορώμενοι
607 2571 800 2660 ἐβοήθουν,
830 2601 919 2655 quoru
947 2591 1042 2641 auten·
1058 2581 1206 2656 legeretur

156 2685 217 2725 non
245 2669 313 2725 satia
339 2675 407 2741 apta
433 2667 592 2738 acripturar
628 2657 751 2739 Σχεδὸν
781 2655 845 2747 γάρ
866 2657 1005 2726 τοικτὲ.
1049 2663 1153 2739 Atque
1170 2667 1204 2724 in

158 2750 261 2810 eodem
285 2751 361 2809 libro
389 2769 451 2826 rap.
473 2754 524 2808 80.
554 2765 620 2806 urea
646 2744 764 2820 quidem
788 2750 931 2806 sententia
953 2768 1015 2807 nou
1035 2757 1112 2807 recte
1134 2747 1206 2810 iecit
1276 2798 1282 2804 .

158 2831 210 2893 Fr.
230 2831 400 2910 Goellerna,
422 2832 553 2909 quadiu
571 2830 671 2891 verbis
692 2828 753 2890 luia:
787 2827 856 2895 Kal
877 2823 1055 2909 ὁ”Νιιιιάς,
1078 2819 1119 2917 ἦν
1138 2825 1205 2919 γάρ

157 2939 190 2980 τι
219 2912 276 2981 καὶ
303 2907 385 2980 lica
411 2914 568 2998 θειασμῷ
592 2935 628 2978 τε
651 2909 774 2999 καὶτῷ
795 2907 932 3002 τοιούτῳ
954 2913 1205 3000 προσκείμενος,

159 2991 232 3063 odc’
245 2992 300 3062 'dia
319 2938 628 3079 drudnvlarlcucdcc
650 2991 700 3061 ἔτι
723 2991 789 3082 ἔφη
811 2992 895 3079 καὶ,
926 3004 1013 3060 nnius
1041 3000 1110 3062 libri
1135 2999 1206 3062 Μο-

159 3087 292 3186 qquenaia
326 3086 492 3145 teatimonio
524 3088 681 3182 commotam
714 3085 851 3158 acripaitr
895 3073 937 3168 ἦν
966 3080 1030 3170 γάρ
1062 3105 1117 3148 τοι
1148 3080 1207 3150 aad

158 3160 773 3326 333⁹.iti...l.²‘¹:tr‡ll.5f¹¹2.‘.¹23
787 3166 1033 3328 'iiiiii‘
1048 3187 1108 3311 2¹:¹5
1121 3169 1208 3314 ‘llll

157 3334 279 3410 lecerit,
308 3336 458 3413 adfertur,
486 3357 541 3395 nec
562 3337 594 3392 in
619 3335 716 3393 verbis
738 3329 820 3399 alet
843 3329 900 3397 καὶ
922 3323 1004 3417 ι’ίγαν
1021 3337 1206 3398 contradictio

76 3471 82 3479 .
159 3417 218 3477 nlla
238 3420 331 3492 posita
352 3428 405 3480 ert.
447 3417 508 3480 Sed
527 3419 693 3491 relinquam
712 3417 795 3494 haec,
817 3437 893 3494 quae
907 3439 981 3494 pene
996 3421 1113 3483 infinita
1125 3429 1205 3498 anat,

157 3503 230 3578 quia
251 3504 302 3577 qni
330 3516 406 3566 recte
425 3507 485 3565 rim
506 3503 713 3582 particularum
734 3497 797 3591 peip
818 3525 872 3569 τοι
893 3507 1080 3585 cognoverit,
1102 3527 1136 3567 ea
1160 3509 1205 3566 in·

157 3587 257 3648 veniet
277 3589 349 3662 ipra.

240 3668 383 3748 Denique
398 3672 452 3731 rix
473 3691 546 3745 cpna
561 3675 604 3730 eat
618 3691 635 3728 a
649 3689 697 3728 une
712 3670 883 3746 aignilicari,
903 3673 1058 3747 particulae
1072 3666 1135 3754 γάρ
1151 3691 1205 3734 τοι

156 3755 221 3828 ipae
242 3757 338 3830 prima
358 3776 391 3814 ac
411 3755 514 3812 natira
535 3759 565 3812 ri
586 3773 638 3811 aua
656 3757 836 3828 aaepiaanme
851 3775 869 3812 a
882 3753 1003 3815 Graecia
1018 3759 1125 3830 peritae
1141 3773 1205 3838 cajo

158 3843 320 3900 cententiae
347 3839 510 3899 communia
538 3835 763 3896 introducendae
788 3847 906 3912 matra,
939 3841 971 3896 in
998 3839 1104 3912 quibua
1132 3838 1203 3898 laria

156 3924 302 3997 porticula
330 3917 394 4007 γὰρ
419 3923 563 3982 connectit
583 3919 630 3994 id,
659 3919 739 3994 qnod
761 3919 928 3994 adiungitur
948 3941 1012 3980 cuna
1034 3924 1204 3984 anteceden-

158 4007 253 4085 tibua‚
279 4003 334 4072 τοὶ
358 4007 454 4068 antem
482 4007 519 4066 de
546 4006 682 4064 univerae
704 4023 804 4063 cauaaa
823 4003 973 4082 adfirmat,
1002 4009 1087 4080 quari
1105 4015 1205 4070 noatra

156 4087 261 4168 liugn
286 4091 383 4154 dicar:
415 4096 497 4153 Bam
519 4089 686 4168 atatcapa,
707 4095 771 4148 ant:
795 4092 837 4149 iat
860 4089 1051 4168 adllpaarciraaa
1070 4093 1204 4164 adalind.
