3016 4580
463 246 532 333 pi,
563 245 731 333 pisas,
763 244 883 332 pois.
1013 230 1020 242 ⁸
1131 245 1204 316 U*

150 417 221 482 inde
237 416 354 478 dicitas·
381 405 442 496 οὔχ
469 399 569 501 ἦτὲόν
585 437 651 500 pe,
680 413 794 476 at'boc
822 416 887 477 iere
911 407 1086 492 cogitatione
1110 417 1197 478 teeits

151 503 346 578 supplendum
371 503 425 560 site
455 507 508 560 etsi
525 521 583 561 noo
602 503 676 580 plus,
700 521 759 561 noe
778 506 871 560 seimus
890 502 1001 578 quidem
1023 499 1114 575 tiabit,¹
1135 509 1197 562 tana

151 589 273 648 dicium
300 581 405 669 μηδὲν
431 577 536 670 ταύτῃ
559 606 596 666 γε
625 578 792 670 κομήσῃς,
823 585 882 645 soti
904 591 936 644 ts
958 603 991 644 ss
1011 585 1138 662 qnidam
1163 587 1200 646 de

151 675 219 732 oltts
241 671 324 730 τώιω
342 687 400 728 cos
422 669 556 744 inperito,
580 670 714 745 plorioca‘,
744 669 872 744 denique
892 662 947 732 dre
967 689 1004 750 pe
1026 665 1134 750 ζητεῖς
1152 671 1198 730 sic

151 757 281 834 panitur,
297 761 329 812 ut
344 751 539 828 supplendum
558 755 595 812 sit
604 775 621 810 r.
634 753 669 812 ob
684 772 747 812 sem
762 773 894 825 coenosa
907 751 1026 830 quidm
1044 752 1119 830 qaod
1131 761 1194 824 stc,

152 857 230 913 quae
258 840 402 897 sententia
430 837 495 911 ipsa
524 856 641 913 quoque
669 856 730 894 non
761 843 856 912 potest
883 836 1026 912 explicari
1054 837 1113 894 nisi
1140 855 1196 911 pee

152 919 294 998 quandam
317 921 453 996 ellipsim
482 926 568 980 οῆαηι
589 925 616 979 si
638 919 672 978 de
695 919 762 980 eliis
785 925 902 991 messis,
926 939 983 980 eoos
1001 920 1036 978 ds
1055 919 1110 978 boc
1129 921 1195 998 ‹psi-

150 1007 212 1078 deps
233 1025 345 1076 onoma,
367 1005 441 1082 quod
461 1013 511 1064 ete.
552 1003 601 1064 De
622 1005 745 1080 repetita
764 1005 795 1063 iu
818 1024 875 1062 uua
894 1005 1038 1064 sententia
1054 1003 1198 1078 particula

148 1083 185 1171 γὲ
206 1087 286 1150 idem
306 1086 474 1148 babendum
494 1093 549 1164 est,
570 1089 647 1148 conf.
670 1085 824 1164 Sophoclis
846 1089 913 1147 Oed.
936 1087 1032 1147 Goion.
1052 1107 1082 1147 r.
1101 1089 1173 1146 981.

270 1221 337 1282 Πῶς
355 1217 384 1288 γ’
406 1213 442 1274 ἂν
461 1215 538 1290 τόγ’
559 1207 629 1274 deror
645 1215 755 1293 πρᾶγμ’
767 1202 814 1273 ’ἂν
831 1213 941 1278 εἰκότως
959 1219 1074 1288 stipere,-

148 1339 186 1408 de
213 1361 272 1416 quo
296 1339 360 1400 loeo
390 1349 470 1402 recte
498 1344 558 1401 iam
579 1341 766 1402 existumavit
789 1339 840 1400 Fr.
861 1338 1016 1400 Ellendtus
1036 1341 1070 1401 is
1093 1343 1192 1402 lactc

148 1425 304 1503 Sophocleo
324 1425 383 1485 vol.
405 1423 429 1486 l.
452 1447 481 1500 p.
505 1429 593 1499 348„
618 1427 669 1501 qni
690 1428 733 1486 sic
752 1421 859 1484 Latine
879 1423 1022 1484 reddidit:
1048 1425 1193 1496 anosodo

147 1509 267 1586 quidem,
290 1510 363 1586 quod
384 1529 427 1568 rna
448 1519 520 1568 certe
541 1511 650 1569 nolente
671 1511 785 1584 (possis
806 1510 910 1568 etiam:
933 1529 977 1567 coe
997 1507 1106 1568 nolente
1127 1513 1193 1585 qai·

147 1591 228 1661 dena)
252 1591 359 1664 factm
382 1601 436 1663 eet,
459 1597 519 1652 iore
542 1591 701 1669 vituperes?
726 1601 758 1651 ut
781 1591 859 1652 bunc
884 1612 1002 1667 quoque
1024 1591 1120 1650 locum
1139 1611 1193 1667 per

147 1674 267 1748 ellipsin
297 1677 382 1735 tacite
411 1675 529 1752 quidem
553 1675 761 1736 instituendam
789 1673 993 1752 explicandum
1018 1695 1083 1737 esse
1102 1673 1191 1737 facile

147 1765 298 1834 appareat.

179 1900 182 1903 .
232 1837 293 1901 Sed
320 1840 356 1902 de
385 1843 522 1902 universe
548 1840 637 1902 lrnius
665 1841 824 1918 particulae
845 1843 877 1902 ri
898 1863 931 1901 ac
951 1847 1097 1918 potestate
1116 1839 1191 1903 baec

71 1925 77 1930 “
146 1926 216 1983 satis
230 1925 311 1984 'dicta
334 1935 428 1985 sunto.
471 1923 571 1986 Facile
592 1930 681 1998 euim,
694 1929 820 2001 quisque
843 1945 878 1985 ea
899 1925 1048 2002 exempla,
1074 1945 1190 2002 quasa
1247 1917 1252 1929 ⁴

144 2009 230 2069 nobis
251 2007 299 2068 bic·
317 2017 390 2068 tacta
414 2031 474 2068 non
495 2019 580 2087 suut,
602 2031 619 2071 e
640 2019 741 2072 nostra
763 2013 877 2070 ratione
897 2011 1028 2070 iudicans
1049 2010 1189 2086 persequi

143 2093 209 2166 ipse
236 2095 354 2170 poterit.
395 2091 557 2170 Reliquum
587 2103 649 2168 est,
677 2103 709 2154 nt
739 2093 776 2154 de
804 2093 927 2169 siugulis
950 2095 1079 2154 locorum
1099 2113 1189 2168 gena

143 2175 235 2252 ribos,
257 2181 288 2236 in
310 2179 416 2253 quibus
435 2176 507 2237 baec
525 2178 666 2255 particula
686 2199 704 2236 a
718 2176 837 2238 Graecis
858 2179 941 2253 quasi
958 2177 1095 2237 sollemni
1115 2199 1188 2251 quo-

144 2257 210 2318 dem
242 2281 323 2320 more
354 2265 489 2336 usurpari
523 2263 608 2322 solita
638 2271 699 2340 est,
731 2264 832 2337 paucis
864 2259 1068 2338 exponamus.'
1108 2257 1187 2320 Nam

144 2365 319 2420 quamquam
348 2366 387 2404 ue
419 2347 452 2405 in
482 2343 531 2406 lais
560 2345 679 2421 quidem
706 2345 780 2407 loeis
811 2347 870 2406 alia
898 2349 944 2405 ris
969 2344 1129 2422 particulae
1150 2339 1188 2426 γὲ

142 2429 323 2502 agnoscende
355 2436 398 2488 est
430 2437 517 2504 atque
544 2431 577 2490 iu
606 2433 709 2490 ceteris
739 2429 810 2489 locis
834 2431 985 2506 omnibus,
1018 2437 1116 2489 tamen
1142 2427 1186 2488 lo·

116 2513 251 2586 *quenti
276 2513 484 2573 consuetudine
512 2517 594 2589 quasi
622 2513 764 2588 quaedam
789 2512 903 2573 ditandi
928 2513 1072 2572 formulae
1098 2521 1186 2576 natae

141 2605 219 2673 sunt,
241 2617 313 2671 quas
333 2618 394 2655 non
412 2598 685 2673 praetermittendas
707 2617 772 2656 esse
793 2597 927 2655 arbitror.

225 2679 273 2738 Ao
291 2683 416 2755 primurn
432 2683 552 2757 quidem
567 2683 600 2738 in
619 2680 952 2739 exclamationibus
972 2686 1060 2754 atque
1078 2685 1183 2764 opta·
1260 2675 1298 2733 n

140 2763 310 2825 tionibus
331 2785 454 2840 magnus
476 2785 508 2823 ac
529 2785 606 2840 pene
627 2763 786 2839 singularis
808 2783 876 2822 usus
897 2773 941 2822 est
962 2763 1121 2837 particulae
1134 2757 1181 2844 γέ,
1197 2767 1366 2822 luendus·

139 2849 219 2906 cuius
233 2849 275 2906 rei
288 2849 399 2925 aliquot
415 2849 550 2924 exempla
563 2851 622 2908 iam
638 2850 829 2926 supraposita
844 2856 931 2921 atque
946 2846 1092 2922 explicata
1104 2854 1182 2906 suut.
1239 2837 1321 2891 ΕΜ·

138 2925 221 2990 Addi
242 2939 340 3008 potest
359 2931 569 3008 Aristophanis
590 2933 670 2992 locus
693 2953 711 2993 e
736 2932 1038 3011 Tbesrnopbariazaeis
1058 2951 1087 2994 v.
1110 2932 1181 2992 615.

345 3043 444 3100 Πολύν
460 3063 494 3116 γε
506 3042 612 3120 χρόνον
630 3045 721 3118 οὐρεῖς
737 3041 782 3102 σύ.

137 3144 184 3208 lbi
204 3149 292 3230 facile
312 3152 503 3229 intellegitur,
528 3153 631 3211 ceteris
654 3152 742 3209 rebus
763 3151 878 3211 omissis
899 3151 935 3210 de
955 3151 1043 3226 lango
1061 3148 1182 3223 quidem

138 3241 269 3308 tempore
298 3234 464 3295 adseverari
492 3257 545 3311 per
565 3232 611 3316 'ys’
639 3233 818 3310 particulam.
868 3231 931 3292 Nec
957 3253 1005 3292 res
1035 3231 1091 3290 boc
1115 3232 1181 3292 loco

137 3319 387 3377 commemoranda
402 3315 575 3394 rideretur}
605 3320 665 3378 nisi
687 3318 830 3394 quaedam
848 3315 994 3375 formulas
1013 3313 1083 3375 binc
1103 3337 1180 3375 cona·

136 3403 250 3473 positae
277 3412 391 3478 essent,
423 3406 456 3463 in
487 3405 594 3480 quibus
623 3405 718 3478 prima
753 3423 786 3460 ac
813 3403 913 3460 natira
943 3402 988 3461 ris
1020 3402 1181 3476 particulae

134 3483 237 3558 paullo
258 3483 402 3546 difficilius
418 3488 608 3564 intellegitur.
652 3485 771 3546 Etenim
787 3506 846 3544 non
862 3485 1001 3546 salumin
1019 3487 1082 3545 eius
1099 3485 1180 3544 modi

136 3569 378 3634 enuntiationum
399 3571 541 3632 adverbiis
562 3572 734 3646 quibusdam
755 3575 849 3647 aptius
870 3574 1022 3629 coniuncta
1036 3569 1180 3644 particula
1287 3575 1291 3582 '

135 3663 195 3729 est,
224 3653 323 3727 qualia
351 3663 434 3714 sunt:
473 3645 520 3717 Εὖ
545 3677 598 3736 ya,
628 3653 748 3729 Καλῶς
769 3676 820 3737 γε,
843 3645 980 3734 Ὀρθῶς
1000 3665 1051 3732 γε,
1082 3645 1179 3712 Πάνυ

134 3755 180 3814 γε,
203 3730 343 3822 Σφόδρα
356 3759 402 3818 γε,
424 3731 534 3798 Μάλα
548 3759 584 3816 ys
599 3747 626 3797 et
640 3739 758 3811 similia,
780 3738 816 3796 de
833 3738 950 3813 quibus,
972 3755 1060 3808 quom
1075 3729 1178 3790 eodem

133 3819 220 3878 modo
250 3823 340 3879 etiam
369 3823 402 3880 in
433 3823 625 3894 responsione
654 3821 751 3878 locum
776 3819 921 3892 babeant,
951 3818 1031 3876 inira
1061 3813 1178 3874 dicendi
1295 3861 1302 3870 ,

132 3900 213 3962 locus
237 3907 310 3980 erit,
334 3904 387 3964 sed
408 3925 472 3962 eram
492 3905 565 3977 ipsis
587 3923 706 3977 quoque
729 3903 912 3962 exclamandi
935 3899 1102 3978 particulis,
1126 3919 1176 3963 re·

132 3983 187 4047 luti
210 3989 245 4049 in
265 3986 478 4065 Aristophanis
499 3991 573 4045 Pace
596 3986 699 4045 dicitur
719 4006 748 4046 r.
769 3989 842 4042 280.

349 4123 432 4192 Οἶμαι
449 4117 538 4188 τάλας,
557 4120 633 4190 οἴμοι
649 4135 682 4190 γε
699 4112 760 4174 adr'
779 4118 858 4187 οἴμοι
873 4109 970 4185 polim,
1004 4127 1008 4136 “
