3012 4580
336 207 402 275 ενι
503 189 517 284 “,
830 203 886 272 ει.

339 369 507 449 ἰδιωτῶν,
539 393 714 450 quamquam
743 375 774 432 in
803 371 859 434 lroe
884 371 1001 449 qnidam
1028 372 1093 432 loco
1121 373 1244 448 arripior
1268 371 1380 435 codicia

338 459 489 520 Urbinatia
511 452 543 522 oi
566 455 603 522 δὲ
625 461 731 532 omisit,
752 457 789 518 de
808 459 953 526 indnatria
972 457 1068 533 oredo,
1090 457 1286 532 quodminus
1307 467 1379 534 apta

337 542 471 602 adhunc
490 541 584 601 locum
605 552 728 617 potaret,
749 562 824 616 qnae
845 551 914 600 anat
931 544 1097 624 aptisauma.
1139 539 1205 598 Hoc
1217 545 1296 600 enim
1312 544 1378 600 loco

337 626 491 686 admodum
522 625 627 684 idonea
656 637 702 684 eat
726 625 801 683 lenia
825 625 878 682 illa
898 645 1087 700 personarum
1108 627 1269 700 contentio,
1298 645 1377 699 qnae

337 710 520 784 significator
547 711 697 783 particula.
719 704 765 770 δέ.
816 707 862 767 cf.
892 710 1081 767 simillumnm
1105 707 1249 768 Herodoti
1279 709 1377 767 locum

336 794 390 854 lib.
403 789 446 850 V.
460 813 522 868 cap.
536 796 586 851 50.
613 786 730 875 Χηεών
751 783 815 873 γάρ
835 813 892 868 μιν
912 789 957 876 μη
981 789 1086 870 λέγειν
1106 788 1143 852 τό
1169 785 1231 863 ἐόν,
1252 787 1376 871 βουλό-

335 869 435 956 μενόν
463 897 500 956 γε
520 869 734 959 Σπαρτιήτας
761 870 862 956 ἐξαγα
883 878 930 937 εἰν
959 867 994 948 ἐς
1021 871 1080 935 τ“ν
1100 865 1231 955 Ἀσίην,
1260 871 1376 956 λέγει

337 951 368 1020 δ’
399 951 451 1021 ὦν
479 959 580 1040 τριῶν
606 959 717 1039 μηνῶν
745 955 814 1040 φὰς
842 897 929 1020 είναι
954 954 1014 1038 τὴν
1040 895 1172 1020 ύνσδον.
1219 957 1373 1038 Quaedam

335 1044 423 1102 etiam
443 1042 475 1099 in
495 1039 551 1099 liae
571 1060 678 1114 genere
699 1045 820 1114 antiquo
841 1043 900 1100 iam
922 1051 1051 1115 tempore
1069 1049 1177 1100 mutata
1198 1053 1274 1116 snat,
1297 1061 1374 1116 quae

336 1145 391 1202 ego
413 1127 520 1200 partim
540 1125 628 1200 adtigi
647 1127 678 1182 in
701 1125 814 1194 Qancat.
837 1131 909 1184 eritt.
928 1125 981 1183 lib.
1000 1123 1025 1182 l.
1044 1147 1074 1200 p.
1090 1129 1140 1184 66.
1162 1131 1201 1184 et'
1208 1146 1238 1201 p.
1256 1131 1311 1184 101
1328 1147 1373 1200 sq.

223 1281 230 1288 ἱ
335 1207 441 1267 Sinin
461 1206 655 1284 Antiphontis
683 1211 815 1267 oratione
836 1205 877 1286 l.,
906 1228 980 1284 qnae
1006 1219 1052 1268 eat
1073 1215 1217 1268 oonrrotio
1237 1209 1374 1285 veneficii,

334 1295 364 1364 6.
388 1299 437 1350 12.
466 1289 513 1351 ed.
533 1290 630 1350 Bell.
658 1313 688 1365 p.
714 1299 784 1349 112.
812 1289 858 1350 cd.
881 1291 922 1350 H.
942 1289 1046 1367 Steplr.
1074 1311 1115 1350 ex
1141 1296 1266 1367 optumis
1289 1293 1374 1352 libris

267 1427 271 1432 .
334 1375 548 1435 rescribendum
575 1383 634 1433 est:
666 1367 708 1435 Εί
734 1369 795 1456 γὰρ
821 1369 946 1438 τούτων
967 1367 1152 1438 ἐθελόντων
1173 1371 1301 1438 διδόναι
1323 1370 1375 1450 είς

334 1453 488 1540 βάσανον,
510 1452 588 1540 ἐγὼ
610 1453 653 1520 δὲ
672 1453 724 1542 μη
756 1452 973 1541 ἐδεξάμην,
994 1449 1126 1532 τούτοις
1148 1449 1187 1520 io
1208 1450 1247 1544 ἦν
1267 1460 1373 1521 ταῦτα

334 1534 519 1624 τεκμήρια,
543 1543 648 1615 quibus
669 1543 701 1600 in
725 1542 819 1600 verbis
842 1541 908 1601 ideo
930 1551 996 1616 post
1011 1541 1139 1601 absoluta
1155 1543 1205 1600 illa
1219 1545 1372 1616 participia

333 1627 430 1702 posito
451 1637 494 1686 eat
515 1627 653 1700 particpla
676 1621 723 1700 δύ,
745 1635 775 1683 nt
796 1627 988 1701 oppositionis
1011 1629 1083 1683 ratio
1098 1629 1192 1698 magia
1208 1632 1370 1700 appareret.

335 1707 381 1768 Gi.
401 1709 528 1768 eiusdem
542 1708 736 1783 Antiphontis
752 1721 824 1766 orat.
839 1707 892 1782 ll.‚
914 1728 989 1782 qnae
1004 1711 1131 1766 continet
1143 1709 1272 1784 tetralop.
1287 1707 1312 1766 l.
1327 1711 1371 1784 β,

335 1794 363 1862 5.
393 1795 422 1848 4.
455 1791 500 1852 ed.
530 1789 630 1849 Belli.
660 1813 689 1866 p.
719 1797 787 1848 116.
813 1792 859 1850 ed.
889 1791 930 1850 ll.
959 1789 1061 1865 Steph.
1094 1783 1136 1851 Ei
1162 1787 1225 1874 peip
1246 1783 1370 1850 τούτων

335 1863 492 1936 ἆναιτίωυ
520 1863 704 1936 δοκούντων
724 1863 828 1942 εἶναι,
857 1865 891 1936 ἒν
913 1869 986 1952 ἐμοὶ
1007 1858 1173 1952 τύδίίιημα
1196 1873 1368 1956 φανεῖται·

334 1949 459 2018 τούτιον
479 1948 641 2020 ὑπόπτων
662 1945 771 2024 όντων,
795 1950 872 2037 ἐγὼ
894 1947 925 2017 δ’
939 1948 997 2018 iio
1019 1949 1196 2030 εἰκότως
1218 1949 1370 2038 καθαρός

335 2031 470 2122 δοκοίην
491 2027 598 2114 εἶναι,
620 2059 677 2114 qno
699 2042 729 2098 in
751 2039 815 2098 loco
837 2061 875 2098 ex
893 2041 977 2098 libris
996 2039 1119 2113 optumis
1135 2038 1304 2113 particulam
1321 2033 1369 2113 δέ,

334 2143 410 2199 qaae
435 2124 543 2182 omissa
563 2131 625 2180 erat
646 2143 664 2179 a
688 2125 804 2197 criticis,
827 2122 1094 2198 reprehendendam
1113 2123 1223 2196 putavi.

151 2207 189 2262 Al
209 2213 236 2260 tn
254 2227 316 2276 rpo-
417 2202 478 2264 Sed
501 2215 597 2264 tamen
620 2207 711 2280 inagis
736 2209 822 2264 etiam
841 2209 934 2265 critici
956 2205 1146 2265 lraesitaviare
1170 2206 1318 2276 videntur,
1342 2203 1370 2262 ri

42 2307 44 2315 ’
151 2279 291 2364 ⁶⁰⁸¹.¹.’⁰.“·
334 2289 450 2364 qnando
471 2291 502 2346 in
523 2291 585 2348 eins
609 2290 687 2347 modi
710 2289 783 2348 locis
804 2299 869 2364 post
889 2291 1084 2365 participium,
1107 2289 1185 2364 quod
1207 2297 1282 2349 esset
1303 2307 1369 2346 cnm
1461 2293 1466 2300 '

150 2358 282 2410 ''mal'‘
332 2371 446 2444 reliqua
477 2375 608 2430 oratione
637 2374 837 2446 coniunctam,
865 2373 966 2432 itidem
996 2385 1153 2447 poneretur
1179 2372 1279 2431 eadem
1300 2390 1369 2444 par·

151 2417 315 2533 εἶὲξίξψ
332 2453 433 2528 ticnla,
464 2453 556 2514 veluti
589 2457 621 2513 in
652 2453 860 2530 Xenophontis
888 2457 1047 2516 Μσοιοτολν.
1076 2459 1204 2514 Socrrrtia
1229 2457 1282 2514 lib.
1311 2451 1366 2512 lll.

150 2553 304 2603 corrector.
330 2557 394 2613 cap.
416 2541 445 2596 7·
469 2541 497 2612 §·
519 2543 549 2597 8·
584 2533 751 2616 Θαυμόζω
775 2559 850 2608 σου,
879 2531 909 2601 εί
931 2533 1075 2612 ἐκείνους
1094 2533 1220 2638 ῥᾳδίως
1237 2531 1369 2620 χειρού-

329 2641 442 2700 μενος,
475 2614 641 2696 τούτοις
673 2617 717 2684 δὲ
747 2617 872 2702 μηδένα
903 2616 1031 2702 τρόπον
1063 2614 1129 2683 οίει
1162 2615 1367 2702 δυνήσεσθαι

330 2705 627 2843 προσενεχδηναι.,
655 2725 695 2762 ex
722 2725 780 2778 qao
808 2705 872 2762 loco
894 2704 964 2762 olim
985 2707 1115 2764 certatim
1137 2704 1305 2779 particulam
1329 2698 1393 2766 δὲ,

226 2781 231 2794 ’
313 2789 515 2845 ‘exterminari
537 2807 582 2844 arn
602 2797 776 2844 censuerunt
798 2788 898 2862 critici,
921 2807 997 2858 quae
1019 2796 1062 2846 est
1078 2783 1283 2861 Xenophontis
1303 2806 1367 2843 ora-

331 2869 404 2926 tioni
434 2869 745 2926 accommodatiaanma.
788 2865 863 2944 Volt
888 2871 966 2927 enim
989 2873 1127 2928 maiorem
1149 2870 1292 2944 quandam
1314 2890 1367 2942 op·

329 2951 504 3023 positionem
532 2970 596 3009 ease
622 2952 699 3030 inter
719 2951 800 3023 illos,
831 2953 882 3026 qui
906 2951 1107 3021 administrant
1126 2974 1188 3012 rem
1210 2954 1366 3028 publicam,

329 3039 360 3090 et
389 3033 466 3091 inter
492 3030 563 3109 lios,
593 3035 644 3108 qui
671 3044 736 3091 snut
763 3033 879 3107 plebeii.
923 3033 962 3093 Et
986 3035 1040 3095 lroo
1065 3035 1180 3111 quidem
1203 3038 1234 3095 in
1258 3054 1366 3109 genere

329 3133 384 3190 rgo
405 3119 493 3174 etiam
510 3117 579 3176 illoa
602 3116 680 3176 locor
700 3116 850 3178 habendos
872 3139 936 3178 aare
958 3123 1121 3192 existumo,
1150 3141 1224 3194 quoa
1247 3121 1365 3190 frustra,

328 3207 360 3256 nt
391 3202 488 3272 opinio
516 3221 583 3258 mea
610 3200 687 3275 fert,
717 3204 808 3260 critici
836 3202 990 3261 emendare
1016 3204 1184 3278 voluerunt,
1212 3223 1302 3262 unum
1326 3221 1366 3260 ex

328 3279 474 3340 Alcibicrda
493 3279 535 3358 l.,
557 3285 607 3358 qui
631 3283 763 3343 Platonis
783 3285 893 3360 iertar,
916 3283 996 3344 Part.
1019 3284 1060 3344 ll.
1081 3286 1140 3346 rol.
1161 3285 1212 3345 lll.
1236 3309 1268 3362 p.
1289 3291 1364 3345 337.

329 3358 375 3421 ed.
397 3361 493 3423 Betk.
516 3385 546 3438 p.
571 3373 640 3426 120.
660 3365 699 3426 B.
721 3368 767 3426 ed.
788 3366 829 3428 H.
850 3366 955 3444 Steph.
986 3359 1070 3440 Oi‘x,
1094 3359 1252 3450 ιδ’γαδύ,
1277 3359 1364 3430 illd

329 3440 418 3587 ηηηδς
432 3443 581 3508 Μειδίαν
601 3466 638 3510 σε
661 3447 713 3511 δεῖ
733 3446 789 3512 τόν
810 3443 1059 3536 ὀρτυγοτρόφον
1080 3443 1286 3533 ἀποβλέπειν
1308 3445 1365 3513 καί

328 3547 351 3588 α
375 3525 453 3602 λους
480 3522 668 3604 τοιούτους,
697 3523 735 3593 οἳ
757 3531 799 3596 τὰ
827 3529 1038 3632 τῖηςπόλεως
1058 3529 1217 3614 πράττειν
1238 3532 1364 3613 ἐπιχει·

328 3609 446 3694 ρσῦσιν
473 3641 525 3682 -‚
560 3605 610 3676 ἔτι
642 3610 680 3678 δὲ
708 3614 966 3700 βαρβαηίιουτες
992 3612 1179 3701 ἐληλύθασι
1205 3610 1370 3680 νολακεύ-’

328 3711 442 3768 σοντες
469 3689 528 3778 τὴν
556 3687 656 3760 πόλιν
684 3687 753 3759 dtt’
778 3689 839 3760 σύν
861 3683 1032 3780 δίρξοντες·
1058 3699 1146 3786 πρὸς
1165 3694 1304 3775 τούτους
1324 3719 1363 3763 σε

328 3772 381 3837 δεῖ
402 3769 530 3860 οἷόσπερ
553 3774 637 3858 λέγω
658 3777 839 3860 βλέποντα,
861 3800 911 3856 σα
921 3782 1021 3845 orori
1046 3781 1090 3848 δὲ
1111 3775 1284 3860 ἀμελεῖν
1306 3779 1363 3844 καί

325 3851 410 3941 μήτε
429 3854 613 3938 μανθάνειν
634 3855 698 3923 ari.
741 3861 818 3922 Nam
839 3865 918 3938 quod
945 3867 988 3925 ibi
1012 3866 1125 3942 aliqnot
1143 3867 1216 3926 libri
1237 3862 1274 3929 δὲ
1296 3887 1363 3940 par·

326 3939 444 3999 ticnlam
472 3950 538 4016 port
563 3945 688 4006 σαυτοῦ
718 3945 852 4007 dicant'ur
877 3952 1026 4024 omittere,
1056 3951 1087 4008 id
1115 3969 1175 4009 non
1198 3952 1295 4014 minus
1315 3970 1364 4011 me

326 4031 423 4082 nroret
450 4043 538 4097 qnam
563 4023 620 4086 Ph.
643 4023 814 4089 Buttrnanni
840 4033 934 4106 ratio,
964 4035 1015 4107 qni
1041 4051 1078 4092 eo
1098 4033 1162 4094 loco
1186 4031 1225 4117 dr}
1247 4053 1301 4110 pro
1325 4027 1364 4097 dd
