2980 4574
539 212 649 290 Νῦν,
678 206 766 278 νύν.
968 203 993 244 ’·
1115 217 1189 286 677·

286 381 362 434 Μῶν
380 363 444 447 civ,
463 377 558 439 δοκεῖς
571 391 622 433 σου
640 379 788 452 φρόνιίσαι
806 349 859 433 τίν’
879 375 1020 449 irritor,

134 505 211 584 quod
233 507 321 564 etiam
344 504 377 562 in
408 501 474 560 aliia
494 501 646 578 particulis
669 502 784 578 saepius
806 501 915 562 iactum
937 523 1001 564 osso
1021 503 1178 582 aliquoties

135 612 224 667 supra
245 588 384 648 vidimus.

215 721 292 782 Tum
314 721 490 781 adiiciuntur
510 717 546 778 ad
567 715 639 796 μῶν
657 718 826 794 particulam
843 741 895 781 eae
913 723 1084 798 particulae,
1103 745 1177 800 quoe
1206 737 1281 792 Μῶν
1299 731 1341 806 δή,

134 813 221 870 etiam
251 808 286 867 ad
314 797 371 870 οὖν
393 804 561 880 particulam
583 803 701 882 adiungi
722 815 858 880 possunt,
889 809 979 867 ueluti
1002 802 1063 892 δή,
1092 807 1177 893 δῆτα
1192 805 1255 876 μῶν
1280 807 1357 876 δῆτα.
1484 829 1485 836 ¹

135 904 164 954 at
189 914 263 969 quae
282 902 350 954 sunt
368 885 524 964 eiusmodi,
550 887 682 948 conferat
699 886 912 966 Aristophanis
930 893 1046 952 Plutum
1062 913 1091 953 r.
1104 895 1189 956 845.ἰ
1299 899 1302 906 ’
1394 889 1400 897 ’

326 1025 400 1077 Μῶν
417 1013 568 1092 &reperitur
584 1017 644 1089 δῆτ’
666 1019 697 1076 ἐν
713 1018 787 1092 ochra*
804 1020 836 1077 rol
853 1018 979 1092 μεγάλας
1066 1033 1069 1042 ·

133 1147 171 1207 cl.
194 1166 281 1224 supra
303 1169 333 1222 p.
356 1149 427 1204 418.
447 1166 479 1220 p.
503 1147 575 1202 446.

537 1393 647 1472 Νῦν,
679 1388 765 1460 νύν.

217 1566 287 1630 Νῦν
313 1567 455 1643 particula
483 1567 536 1625 uix
563 1563 813 1625 commemoranda
842 1573 886 1628 est
908 1562 1067 1644 hocloco,
1097 1567 1174 1642 quud
1191 1569 1269 1640 Νῦν,
1294 1563 1355 1626 riv.

102 1643 104 1650 ¹
133 1654 271 1714 naturalis
311 1656 375 1712 eiua
407 1653 451 1710 ria
485 1652 538 1710 vix
569 1671 692 1724 usquam
724 1651 843 1709 obscura
875 1655 950 1726 erit,
985 1655 1043 1710 nisi
1077 1651 1175 1712 dicen·

134 1739 202 1796 dum
228 1745 303 1795 esset
333 1737 368 1796 de
400 1736 565 1794 discrimine
597 1735 653 1796 νῦν
684 1743 715 1792 et
740 1727 800 1810 νὺν
816 1735 983 1795 formarum.
1015 1733 1091 1796 Nam
1115 1755 1176 1796 nou

59 1845 65 1855 ¹
133 1841 283 1896 nunquam
309 1821 362 1879 illa
389 1819 529 1894 particula
560 1821 602 1876 ita
629 1817 795 1876 destituitur
823 1822 852 1878 vi
876 1841 943 1894 sua,
981 1827 1014 1878 ut
1042 1821 1175 1880 enclitica

131 1907 184 1966 fiat
206 1904 305 1964 etalii
325 1907 389 1964 voci
410 1907 451 1962 sic
471 1902 669 1977 adhaerescat,
691 1911 724 1960 nt
740 1911 853 1962 tenuem
872 1915 980 1963 tantum
997 1905 1083 1964 modo
1103 1925 1175 1965 auae

131 1991 279 2067 potestatis
302 1989 544 2064 significationem
566 1990 698 2048 retineat.
753 1985 793 2046 Et
823 1990 855 2047 iu
881 1986 929 2048 hia
959 1989 1078 2063 quidem
1101 1989 1174 2050 locis

132 2075 188 2138 νῦν
214 2075 356 2149 particula
382 2075 547 2148 praesentis
570 2073 709 2146 temporis
730 2076 968 2132 monstrationem
988 2071 1093 2149 habet,
1123 2074 1176 2134 red

132 2179 195 2218 eam
218 2159 320 2233 talem,
350 2167 381 2218 ut
401 2177 475 2232 pene
508 2157 543 2215 ad
565 2157 656 2214 solam
677 2176 742 2214 eam
765 2174 881 2229 rocem,
909 2160 956 2216 cui
977 2177 1031 2230 per
1052 2157 1174 2219 auclisin
1223 2163 1229 2174 ’

133 2241 310 2302 adhaerescit
332 2243 489 2316 particulo,
512 2243 654 2316 pertineat
677 2259 798 2311 eamque
820 2240 857 2298 ad
878 2249 1057 2314 praesentem
1076 2259 1174 2310 rernm

133 2336 240 2384 statum
274 2329 335 2383 sins
365 2328 423 2384 ulla
451 2329 560 2384 maiore
588 2325 618 2382 vi
640 2332 769 2399 revocet,
797 2323 888 2384 ueluti
919 2327 943 2384 si
965 2326 998 2382 iu
1020 2323 1173 2400 Euripidis

133 2409 246 2470 Hecuba
268 2429 297 2471 v.
320 2415 391 2470 970.
413 2411 459 2470 ed.
482 2408 584 2468 Herm.
608 2408 727 2468 dicitur:

232 2607 241 2618 ·
312 2537 411 2597 Σώσόν
430 2550 483 2598 νυν
501 2538 596 2608 αὐτόν,
617 2537 685 2628 prp'ri'
703 2537 817 2610 ipasch
839 2539 981 2607 πλησίον,

132 2663 181 2722 uhi
211 2660 268 2728 νὺν
298 2665 438 2741 particula
471 2664 533 2723 sere
567 2661 675 2720 Latino
701 2664 804 2738 ipitur‚
837 2660 915 2735 quod
943 2661 1087 2723 interdum
1109 2665 1173 2724 sino

132 2752 242 2808 maiore
274 2754 304 2809 ui
331 2750 439 2810 accedit
463 2749 500 2807 ad
527 2750 735 2821 imperativus,
767 2752 817 2803 aut
847 2749 871 2806 si
899 2748 1058 2807 encliticam
1080 2751 1172 2807 maria

133 2851 242 2907 vocem,
260 2832 371 2896 Latino
393 2837 457 2894 darm
474 2833 642 2908 respondet,
664 2841 693 2890 ut
715 2833 742 2901 si
762 2829 879 2890 dicituro
898 2831 1027 2901 dicdum,
1051 2841 1172 2906 atquae

132 2927 198 2974 suut
228 2921 343 2979 similia.
386 2917 435 2978 Ae
468 2922 510 2976 sic
538 2919 636 2976 multis
666 2936 735 2976 saue
762 2915 832 2974 locis
853 2915 1063 2989 usurpatailta
1081 2919 1173 2993 parti·
1237 2947 1239 2950 ·

132 3000 195 3059 cula
216 3013 277 3080 est,
300 3006 385 3064 utin
409 3006 505 3061 Oresta
526 2999 677 3076 Euripidis
700 3022 730 3061 v.
755 3005 846 3060 1093.
868 3000 914 3059 ed.
936 2997 1040 3064 Herm.

307 3134 410 3188 ,Πιθοῡ
427 3149 492 3188 νυν·
513 3126 664 3200 ἀνάμεινον
682 3129 713 3183 δὲ
731 3127 880 3200 φασγάνου
898 3127 991 3201 τομάς.

131 3255 232 3326 autin
256 3257 417 3316 Trucitirciia
440 3251 595 3330 Sophoclis
620 3271 647 3314 v.
670 3255 735 3316 92.=

168 3343 178 3360 ι
489 3377 580 3454 Χώρει
598 3399 664 3452 νυν,
684 3369 706 3436 ci
724 3386 785 3438 παῖ.
887 3401 891 3408 ’

129 3521 142 3536 ’
215 3501 359 3568 conseras
376 3515 471 3568 tamen
490 3526 564 3583 quae
580 3525 668 3582 supra
683 3506 717 3564 in
733 3500 773 3588 δὴ
789 3506 931 3581 particula
946 3507 1091 3584 explicata
1107 3515 1174 3588 sunt
1206 3501 1269 3576 retu
1286 3515 1335 3592 dri,
1354 3519 1358 3526 ’

130 3609 160 3664 p.
187 3592 248 3648 416
279 3611 365 3667 sqq.,
395 3614 452 3670 quo
481 3592 545 3654 lccn
569 3611 624 3670 ego
647 3593 733 3651 etiam
757 3591 904 3668 explicari
926 3613 984 3668 qun
1005 3593 1173 3654 discrimine
1207 3587 1337 3664 νῦνῆδη.

131 3674 243 3734 dicotur
272 3675 326 3738 vir
348 3671 388 3762 δὴ
420 3687 449 3736 et
477 3675 517 3761 δὴ
540 3675 605 3739 νῦν.
650 3676 698 3735 Dc
727 3673 782 3740 νῦν
804 3665 867 3760 ἤδη
890 3685 920 3738 et
944 3667 1007 3760 ἤδη
1029 3679 1085 3740 νῦν
1105 3677 1173 3738 ride

131 3779 206 3833 quae
228 3780 316 3834 sulora
339 3784 368 3836 p.
391 3768 463 3821 603.
486 3765 682 3836 exposuimus.

214 3841 262 3903 lle
289 3845 346 3910 νῦν
367 3842 404 3912 δὲ
429 3848 500 3910 satis
528 3855 658 3904 accurata
686 3844 822 3918 exposuit
841 3841 990 3905 novarias
1016 3842 1122 3912 vai-1.
1141 3866 1172 3922 p.

131 3929 190 3985 14²
213 3950 258 4006 aq.
