3012 4580
487 197 906 306 γε’,γέοοι,γοῢν.
1058 166 1060 174 ¹
1156 205 1222 272 ³25

171 369 272 432 oliarri
299 371 357 428 uisi
388 371 458 445 qnia
485 367 618 431 adiuncta
648 367 720 429 haee
746 371 837 430 rarha
863 369 981 432 habnilr
1015 357 1055 448 iis·
1081 369 1222 439 σπεύδει

169 453 300 518 θανεῖν.
344 451 381 512 ln
410 453 511 513 eodem
544 475 653 529 muare
670 455 842 529 reponendi
868 459 956 516 elisur
984 457 1030 516 illi
1059 456 1115 518 loci
1140 469 1220 536 snat,

171 537 269 614 qualia
292 547 337 597 est
359 533 514 613 Sophoclis
534 537 567 596 in'
587 540 732 616 Antipono
750 559 781 598 v.
801 545 875 599 7³2.
896 539 942 599 ad.
965 537 1068 600 Herm.
1120 561 1129 576 ·

277 645 367 720 wip
386 647 441 724 γὰρ
459 647 550 723 ip'pol
563 648 634 725 χρή
651 669 693 721 γε
711 650 806 720 τῆσδ’
827 645 1115 725 ὕρχεινχθονόςς

173 779 232 834 quo
252 759 285 816 in
304 757 367 816 loco
386 757 427 815 ita
447 756 559 816 adiecta
580 764 625 818 est
642 758 784 832 particula¹
803 753 839 838 γὲ
857 756 894 818 ad
913 759 1034 818 verbum
1053 751 1128 842 χρή,
1148 762 1219 834 quin

174 851 332 916 sequautur
359 839 448 902 haec:
481 829 575 926 τήσὸ’
606 831 718 926 ἔρχειν
741 833 873 920 χθονός.
883 883 894 920 ,
925 841 992 902 vide
1022 863 1098 918 quoa
1128 865 1218 919 supra

155 949 203 1001 p.
225 931 296 984 277.
325 924 548 1000 disputavimus.
590 922 702 984 Latina
729 925 822 986 dicas:
854 935 961 1004 oportet
990 927 1071 986 urlco.
1113 925 1217 1002 Neque

172 1013 251 1068 enim
275 1008 366 1083 illud,
393 1009 472 1082 quod
498 1018 566 1067 aula
586 1009 783 1084 positnm'ast
804 999 886 1090 γάρ,
914 1008 1073 1086 quidquam
1094 1011 1218 1087 impedit

170 1093 247 1153 hanc
277 1093 444 1168 explicandi
475 1096 628 1152 rationem.
679 1089 778 1168 Supra
808 1096 888 1152 euim
913 1097 973 1153 inm
1002 1115 1019 1154 a
1048 1097 1135 1159 nohis
1163 1117 1216 1158 ox·

169 1179 309 1254 plicatum
330 1186 384 1250 ost,
406 1177 494 1252 que'm
515 1175 689 1236 admodum
710 1172 772 1260 γὰρ
793 1177 934 1252 particula
954 1181 988 1237 iu
1008 1177 1055 1236 his
1076 1179 1148 1240 locis
1170 1181 1216 1238 in-

171 1261 335 1338 tellegenda
356 1263 406 1335 sit,
429 1282 504 1335 quae
517 1263 766 1321 ratiocinationem
779 1261 922 1338 quandam
937 1283 999 1326 cunr
1015 1262 1216 1328 adfirmatione

170 1367 210 1406 ex
229 1344 465 1406 antecedentibus
481 1347 631 1420 proponit,
653 1367 741 1422 quom
756 1341 792 1426 γὲ
807 1353 906 1406 contra
920 1347 1100 1423 singularem
1115 1369 1215 1406 vocem

166 1425 229 1513 χρὴ
251 1451 315 1489 cum
336 1431 385 1504 iis,
407 1449 482 1505 quae
504 1430 575 1488 hoec
595 1430 730 1489 adiuncto
750 1427 981 1505 hohetsefferat.
1022 1429 1064 1491 Ut
1083 1430 1157 1490 mihi
1179 1432 1215 1491 do*

167 1517 223 1572 isto
252 1515 317 1573 loco
348 1513 435 1588 plano
463 1515 674 1588 comprobanda
704 1513 741 1574 G.
771 1511 935 1574 Hermauni
965 1519 1039 1590 ratio
1071 1516 1215 1592 videatur,

69 1652 71 1654 .
168 1600 318 1674 proposita
340 1601 372 1656 iu
398 1601 501 1674 opusc.
529 1599 587 1656 vol.
608 1595 664 1664 lll.
693 1621 722 1672 p.
747 1602 839 1673 264„
865 1619 953 1672 (poam
982 1597 1033 1658 Fr.
1056 1595 1214 1658 Ellendtua
1260 1647 1268 1660 .

169 1685 201 1741 in
226 1687 332 1741 Lauino
354 1682 506 1758 Sophocleo
526 1681 585 1741 vol.
605 1679 629 1739 l.
649 1703 679 1756 p.
703 1685 774 1739 349.
793 1683 900 1741 iniuria
921 1681 1093 1757 repudiavit.
1136 1681 1213 1768 llam

170 1765 250 1840 quod
278 1763 326 1824 hic
349 1768 447 1825 statuit
476 1763 679 1842 hyperbaton,
712 1773 743 1822 ut
771 1760 806 1846 γὲ
831 1765 868 1824 ad
893 1761 968 1845 ἐμοὶ
990 1769 1152 1843 pertineat,
1181 1767 1213 1825 id

168 1848 251 1907 rrullo
274 1849 358 1908 modo
379 1850 450 1908 ferri
476 1859 585 1926 potest,
614 1857 749 1924 recteque
770 1852 881 1908 acnirur
903 1869 966 1912 vox
984 1847 1047 1937 χρὴ
1071 1871 1123 1922 eo,
1153 1873 1212 1931 qno

168 1955 257 2013 snpra
287 1933 430 2008 vidimus,
458 1933 552 1994 modo.
596 1931 646 1993 Sic
675 1953 762 2010 saepe
787 1933 861 1994 alias
885 1930 938 1998 δεῖ
958 1955 1009 2015 γε,
1033 1928 1096 2020 χρή
1118 1955 1155 2016 γε
1182 1945 1212 1995 et

167 2038 244 2092 quaa
264 2024 333 2077 snut
356 2017 465 2077 similia
487 2020 629 2078 dicontur.
889 2039 892 2044 ·
1015 2057 1018 2064 -
1184 2039 1186 2046 ⁴

252 2099 310 2161 Sed
332 2123 371 2160 ne
396 2103 510 2177 longios
532 2103 624 2177 labar,
646 2107 778 2160 revertar
798 2099 835 2159 ad
855 2102 1058 2174 interpositam
1077 2103 1155 2159 inter
1175 2123 1210 2159 ea

166 2187 269 2260 verba,
299 2207 374 2260 qnae
400 2187 496 2244 dirimi
520 2188 697 2264 cogitatione
719 2187 772 2244 rix
793 2192 937 2258 possunt,
970 2181 1006 2264 γὲ
1027 2185 1209 2260 particulam.

57 2275 60 2282 '
164 2267 366 2344 interponitur
394 2271 474 2328 anim
500 2267 537 2350 pi
567 2269 708 2345 particulo
736 2268 888 2336 articulum
914 2269 991 2328 iuter
1018 2276 1047 2326 et
1077 2267 1209 2326 substau-

166 2355 257 2412 linum
283 2355 347 2413 lere
370 2353 506 2430 legitmua
530 2355 685 2414 verborum
706 2349 909 2426 collocutione,
940 2352 1030 2410 veluti
1053 2350 1132 2426 apud
1153 2347 1209 2410 So-

163 2436 297 2516 phoclem
320 2441 354 2496 iu
376 2440 521 2515 Antipatro
544 2457 572 2496 v.
596 2438 666 2498 515.
689 2437 734 2496 ed.
757 2434 860 2496 Herm.
883 2435 961 2511 quod
981 2435 1105 2512 legitur:

321 2548 414 2622 Ὅμως
429 2547 444 2605 d
460 2549 490 2622 y'
503 2548 597 2620 Ἅιδης
613 2547 675 2611 τοὺς
693 2547 795 2618 νόμους
812 2545 923 2610 τούτους
939 2553 1035 2605 ποθεῖ.

164 2667 194 2716 el
221 2655 299 2729 quod
326 2677 415 2732 supra
444 2677 484 2716 ax
510 2657 637 2714 Achoma.
665 2652 875 2728 Aristophanis
900 2674 931 2713 v.
959 2657 1010 2713 94.
1038 2653 1205 2726 posuimus:

163 2732 221 2801 τόν
242 2761 288 2820 γεΙ
301 2735 357 2802 σὸν
379 2741 437 2804 τοῦ
459 2736 642 2819 πρέσβεως,
664 2749 694 2797 et
714 2737 772 2796 aliu
792 2739 856 2797 eins
872 2735 961 2796 modi.
1005 2733 1090 2814 Quas
1104 2736 1207 2792 varhuf

163 2845 228 2882 rum
250 2823 401 2883 collocatio
420 2827 463 2882 ita
484 2825 623 2898 lreqnaos
646 2831 701 2898 est,
726 2831 757 2880 ut
776 2822 840 2880 iere
861 2829 977 2895 recepta
998 2817 1207 2878 cousuetudine

162 2906 303 2981 loquendi
325 2929 387 2968 assa
407 2906 551 2967 rideatur:
575 2928 750 2984 quamquam
765 2908 800 2979 ¹si
821 2908 961 2965 maiorem
984 2902 1127 2980 quandam
1145 2903 1206 2964 rim

162 2994 344 3052 arrhatantiro
373 2991 479 3050 addere
505 2994 567 3065 vis,
598 3001 675 3050 recto
703 2994 791 3050 etiam
820 2990 915 3050 dices:
945 2981 976 3052 ol
1006 2978 1133 3068 ἀγαθοί
1159 3006 1206 3066 γε,

163 3097 221 3138 nou
243 3078 352 3135 solum:
382 3069 419 3138 ol'
435 3095 472 3155 γε
486 3065 636 3154 ἀγαθοί,
660 3074 752 3136 veluti
774 3073 853 3152 apud
872 3071 1048 3157 Sophoclem
1069 3073 1100 3131 iu
1120 3071 1207 3139 Anti·
1290 3145 1299 3164 1

161 3179 237 3238 porro
257 3181 285 3219 v.
306 3167 379 3218 221.
403 3159 523 3218 dicitrm

463 3275 520 3326 Καὶ
537 3269 595 3344 μὴν
613 3270 627 3327 ri
644 3275 749 3343 μίοθος
767 3269 796 3340 γ’
808 3257 904 3330 οὗτος..

162 3388 210 3437 out
231 3380 261 3438 iu
283 3376 384 3438 cadem
404 3379 503 3438 sabula
524 3400 551 3439 r.
574 3382 645 3438 644.
666 3376 717 3437 ed.
738 3375 843 3440 Herm.
875 3407 876 3410 ν
900 3455 903 3460 Ι

228 3553 233 3564 ,
305 3487 356 3560 Μή
375 3489 427 3547 νὺν
443 3490 518 3560 ποτ’,
538 3482 559 3546 ὦ
580 3497 640 3562 noi,
659 3488 706 3552 τὰς
721 3493 825 3564 φρένας
841 3486 870 3570 γ’
891 3485 943 3559 ὑφ’
963 3485 1063 3555 ἡδονῆς
1120 3491 1123 3498 “

306 3559 435 3630 γυναικὸς
453 3559 545 3618 οὕνεκ’
565 3557 680 3636 ἐκβάλῃς
695 3562 759 3627 xri,
830 3627 837 3639 Ι

162 3667 212 3726 uhi
232 3668 317 3725 otiam
339 3669 366 3726 si
388 3687 441 3740 por
460 3677 584 3727 malrum
606 3668 676 3727 terri
697 3671 794 3742 posset
814 3655 874 3736 τάς
895 3682 931 3739 γε
952 3655 1088 3743 φρένας,
1107 3658 1205 3716 urinoa
1288 3700 1292 3706 ·

53 3765 60 3777 ’
160 3749 296 3810 lubenter
318 3752 487 3824 acciperem.
531 3750 632 3810 Etiam
652 3753 732 3810 inter
752 3748 925 3807 adiectirum
944 3753 973 3802 et
994 3741 1205 3802 substantivum

160 3837 358 3908 interponitur
376 3833 516 3908 particula
533 3830 579 3914 γέ,
600 3833 692 3894 veluti
704 3835 736 3890 iu
747 3829 901 3906 Sophoclis
915 3826 1027 3884 Electra
1041 3845 1067 3881 v.
1085 3829 1147 3886 300
1159 3841 1205 3898 aq.

161 3919 206 3978 ad.
230 3917 335 3984 Herm.
358 3919 479 3980 dicitur:

643 3991 710 4047 'Ait'
733 3993 763 4046 ir
786 3995 840 4050 τοῖς
860 3991 954 4046 κακοῖς

403 4063 489 4135 nolli
508 4065 536 4138 γ’
557 4059 665 4134 ἀνάγκη
681 4053 872 4132 κάπιτηδεύειν
890 4050 970 4112 κακά.
