3012 4580
154 199 160 222 ‘
266 227 311 278 vn
578 277 588 283 ,
650 197 961 290 Praefatio..

206 451 212 462 ·
266 401 371 498 enim
395 400 575 499 putabam
598 398 818 474 universam
846 397 1081 496 Graecas-mn
1107 400 1304 497 perticula-

221 577 226 583 .
266 545 356 594 rum
388 518 577 594 rationem
610 541 633 592 a
660 541 726 591 me
751 516 943 589 facillume
970 515 1156 612 explicari
1180 540 1304 614 posse.

243 687 248 694 -
366 636 447 710 Hoc
480 635 700 708 institutum·
716 657 848 707 meum
875 655 1117 730 quamquam
1133 637 1308 731 persuad-

203 801 214 812 ·
265 764 325 829 tas
351 755 585 828 difficultates
610 751 742 824 habuit
762 774 832 863 eo,
858 751 960 848 quod
984 751 1104 824 muita
1130 775 1153 824 e
1178 753 1308 828 Deve-

195 923 199 928 -
264 874 324 947 rio
349 895 503 972 prorsus
529 870 669 944 omissa
695 879 825 960 erant,
853 891 951 965 quae
976 867 1073 941 mihi
1096 868 1145 941 de
1159 869 1305 970 integro

265 990 505 1088 suscipienda
529 996 643 1083 atque
670 987 864 1059 tractanda
883 985 1057 1079 fuerunt,
1081 986 1155 1059 alia
1177 997 1305 1061 autem

264 1109 317 1182 ita
346 1108 486 1181 tradita
521 1105 762 1204 legebantur,
797 1111 838 1175 ut
862 1127 948 1177 mea
980 1104 1102 1178 oratio
1136 1127 1220 1177 sese
1253 1105 1302 1178 ad

264 1223 421 1299 Devarii
450 1222 592 1296 librum
626 1221 691 1296 vix
717 1229 848 1318 posset
875 1221 1186 1314 accommodare,
1220 1230 1304 1296 uam
1337 1229 1341 1242 '

265 1343 356 1438 quia
382 1341 559 1414 nonnulla
589 1339 706 1410 etiam
741 1339 853 1435 plane
878 1338 1105 1412 confutanda
1127 1339 1301 1412 videban-

171 1453 175 1460 ’
242 1470 345 1551 tur,
372 1481 471 1555 quae
495 1454 701 1530 eDevario
728 1455 821 1528 otim
845 1455 941 1529 falso
964 1456 1158 1563 proposita
1181 1466 1303 1558 erant,
1334 1535 1336 1540 ,

263 1557 394 1649 tamen
423 1582 616 1673 susceptae
640 1595 794 1644 caussae
818 1570 1074 1647 menendum
1099 1575 1300 1671 poenituit.

222 1723 228 1730 ·
263 1693 449 1768 Devarius
485 1693 589 1766 enim
613 1683 902 1789 inexplicanda
928 1689 1164 1766 Graecumue
1186 1695 1300 1790 pacti·

263 1812 435 1886 auarum
468 1808 643 1882 doctriua·
672 1808 751 1880 iam
782 1809 847 1881 itio
879 1816 1055 1906 tempore
1085 1833 1141 1883 ea·
1154 1811 1300 1885 ratione

124 1971 130 1978 -
262 1952 352 2000 usus
375 1934 476 2018 eret,
503 1949 602 2022 quae
628 1923 725 1996 anibi
746 1948 900 2021 (pioque
920 1948 1196 2025 maxumopere
1215 1953 1299 2025 pro-

262 2045 387 2118 banda
419 2042 635 2134 videretur,
669 2050 711 2114 nt
743 2067 821 2116 non
847 2043 979 2144 asolum
1010 2068 1123 2118 usttm
1146 2045 1299 2120 illas-ama

236 2163 484 2238 .vooula1·um
522 2169 732 2257 exponeret
762 2159 978 2260 diligenter,
1018 2155 1153 2235 venum
1185 2164 1300 2238 etiem

197 2369 208 2388 ι
260 2281 446 2352 intumam
479 2301 613 2352 earum
646 2287 823 2352 naturam
842 2299 1083 2376 'caussasque
1111 2277 1298 2386 founulag·

260 2421 349 2470 num
381 2403 554 2470 accurate
585 2397 785 2469 enucleare
808 2396 999 2488 studeret,
1032 2405 1075 2470 ut
1100 2397 1197 2472 mihi
1220 2412 1301 2472 non'
1407 2479 1416 2484 ,

219 2561 224 2572 =
260 2513 505 2590 incommode
537 2511 696 2611 coguitis
727 2513 882 2586 Devarii
906 2513 1117 2588 rationibus
1140 2516 1297 2592 adnote-

243 2633 380 2706 tiones
405 2639 557 2706 nostrae
582 2630 727 2704 consuli
749 2655 860 2728 posse
884 2630 1118 2705 viderentur.

332 2791 336 2798 ·
359 2750 407 2822 In
428 2748 520 2846 ipsis
545 2755 673 2822 autem
693 2747 997 2822 adnotationibus
1017 2751 1298 2827 conseribendis

121 2933 125 2940 .
257 2865 299 2938 id
333 2867 430 2938 mihi
462 2875 610 2938 secutus
642 2887 724 2937 esse
758 2871 872 2960 atque
893 2866 1113 2964 ⁸obtinuisse
1143 2867 1295 2960 videon,
1402 2915 1404 2922 .

254 2983 360 3078 qacod
385 3001 507 3054 umnn
525 2981 649 3054 libero
671 2979 827 3056 homine
850 2982 1005 3084 dignum
1024 2992 1103 3077 est,
1125 2993 1297 3059 utomne

173 3103 192 3126 “
253 3088 420 3194 partium
452 3083 619 3172 'studium
651 3099 784 3195 procul
817 3091 1008 3176 remotum
1031 3103 1217 3176 haberem
1243 3112 1293 3178 at·

255 3239 331 3310 que
362 3215 582 3314 incorrupto
616 3215 751 3290 iudicio
786 3225 827 3290 et
852 3239 987 3292 eorum
1012 3239 1163 3294 errores
1187 3239 1314 3294 coen·

253 3353 431 3430 gneo-em,
476 3357 659 3430 quoa-um¹
682 3357 753 3433 ego
793 3334 972 3410 universa
1009 3337 1134 3412 cundia
1171 3336 1291 3435 magis

253 3449 449 3547 probanda
481 3459 694 3547 putassem,
730 3475 800 3525 nee
835 3475 972 3528 eorum
1007 3455 1106 3528 bene
1133 3453 1289 3534 invente

251 3567 533 3664 improbarem,
561 3593 726 3664 quonum
747 3570 912 3646 rationes
935 3573 1084 3670 saepius
1101 3597 1178 3645 nou
1197 3597 1291 3669 pro·

252 3685 396 3792 bandas
421 3685 758 3780 existimavissem,
769 3689 812 3760 'si
831 3688 923 3764 inita
941 3691 1205 3786 subductaque
1223 3713 1290 3762 re-

252 3803 354 3876 tione
377 3811 455 3879 tute
481 3829 525 3879 ac
549 3803 629 3878 eine
650 3807 792 3880 emotis
812 3806 983 3903 periculo
1008 3807 1104 3882 mibi
1129 3807 1290 3880 videbar

251 3941 362 4014 posse
394 3919 574 3998 iudicare.
626 3923 692 3999 Sic
726 3923 887 4023 fortasse
919 3924 961 3997 id
994 3923 1078 4032 fiet,
1113 3922 1217 4020 quod
1245 3923 1289 3996 in
1409 3927 1417 3940 '
