3006 4570
649 143 748 251 aa*
1138 167 1205 239 se

159 357 236 413 quse
255 337 320 397 eiu
341 333 421 395 modi
442 333 601 409 curtinulae
625 352 712 410 saepe
733 335 894 396 adiunctum
923 335 1030 398 batam
1048 334 1088 420 dr}
1111 341 1202 412 lierti-

158 422 269 496 celani,
291 419 388 519 veluti
404 437 451 492 ως
471 414 512 502 δὴ
536 419 689 480 dimiteret
710 417 755 502 μὴ
777 413 836 503 drp',
858 421 926 480 vide
947 420 1099 496 Euripidis
1121 423 1202 498 ipiu-

157 510 271 581 9ouiutu
293 509 450 564 'l'uurtceet
469 521 500 564 v.
523 505 596 560 995.

369 627 417 692 Ὡς
434 628 469 700 δὴ
488 626 585 692 oedroc‘
599 629 726 700 ὶαβίνιες
743 619 914 705 ἐκσωθεῖμεν
932 627 987 700 riu,

159 747 188 800 et
208 757 284 814 quae
304 735 409 796 adtulit
430 734 696 812 Hertuugi'ns'vol.
717 735 742 796 l.
766 762 801 814 p.
818 744 880 798 288
897 761 941 814 sq.

172 885 175 892 Δ
242 819 302 882 His
328 823 419 896 igitur
444 841 477 880 ec
505 821 649 880 similibus
676 823 770 882 modis
800 821 968 900 adiungitur
995 821 1135 898 particule
1158 815 1198 903 tir}

160 927 224 967 cuna
245 901 374 969 adhaec
395 925 471 980 quae
492 907 587 980 posita
608 913 676 964 suut
698 915 727 965 et
748 906 784 964 ad
806 909 893 966 verbe
914 906 961 966 bis
982 906 1111 979 similia,
1140 917 1198 962 tum

45 1016 50 1024 ·
160 987 197 1048 ad
218 1008 320 1049 omnes
342 1007 393 1048 ees
414 1007 516 1063 voces,
538 1009 694 1064 quaecum
716 992 775 1048 vim
796 992 829 1048 in
842 993 1042 1050 enuntiatione
1059 989 1199 1062 obtinent,

161 1080 193 1130 ut
214 1071 369 1146 temporali
394 1071 448 1130 illa
467 1071 608 1145 particule
628 1067 777 1132 commode
797 1073 903 1134 ecferri
923 1076 1053 1149 possint,
1079 1071 1114 1130 de
1135 1075 1198 1146 qni·
1306 1143 1311 1150 .

160 1157 215 1214 bus
239 1154 388 1230 explicere
414 1163 443 1214 et
467 1155 586 1230 longum
611 1162 640 1214 et
665 1176 913 1230 supervacaneum
936 1166 998 1229 est,
1027 1157 1198 1230 praesertim
1239 1209 1241 1219 ,

160 1259 250 1314 quom
269 1237 411 1312 quaedem
433 1248 494 1298 tum
515 1238 551 1300 de
571 1259 604 1298 rc
625 1259 661 1306 ca
684 1237 858 1315 explicanda
879 1261 944 1302 esse
965 1239 1127 1312 videantur,
1149 1239 1199 1296 ubi

161 1323 197 1380 de
224 1319 527 1382 collocatione-buius
557 1322 717 1398 particulae
744 1321 866 1383 dicettrr.
914 1322 962 1383 Ac
988 1345 1025 1382 ne
1057 1321 1200 1398 quiahoc

160 1403 252 1482 dicat,
275 1424 323 1465 me
343 1404 475 1480 petuisse
500 1407 587 1466 etiem
607 1406 799 1482 supersedere
820 1405 867 1467 bis
888 1409 977 1483 ipsis,
1011 1427 1085 1482 quae
1109 1427 1199 1480 usque

160 1487 253 1548 adbuc
278 1489 315 1549 de
342 1491 552 1564 compositione
582 1491 741 1565 particulae
760 1512 826 1550 cum
847 1494 931 1550 certis
953 1491 1126 1566 quibusdem
1147 1510 1198 1548 vo·

161 1573 234 1632 culis
261 1576 400 1648 exposui,
429 1575 453 1632 si
482 1573 601 1648 quidem
629 1576 673 1632 vis
703 1575 860 1648 particulae
890 1577 955 1656 ipsa
976 1595 1037 1633 nou
1064 1581 1200 1646 mutetur,

160 1653 216 1714 boc
250 1655 528 1734 commemorandum
562 1656 691 1733 videtur,
732 1656 802 1716 baec
835 1659 941 1732 rerba,
974 1660 1060 1718 etiam
1093 1659 1117 1714 si
1148 1677 1198 1714 saia

162 1741 267 1812 cuique
288 1741 333 1799 ris
361 1760 393 1799 ec
419 1749 544 1816 potestus
565 1749 698 1816 maneat,
734 1749 832 1800 tamen
853 1751 961 1800 certam
985 1739 1130 1816 quandam
1157 1739 1198 1798 ei·

161 1821 376 1898 gnificationem
398 1843 438 1882 ex
459 1826 523 1900 ipsa
542 1824 596 1882 ille
609 1827 820 1884 consociatione
832 1825 1039 1885 consuetudine
1057 1823 1199 1898 loquendi

82 1973 85 1978 ¹
161 1913 245 1966 nacta
264 1915 345 1982 esse,
367 1916 415 1981 nt,
434 1911 492 1967 nisi
515 1911 642 1966 monitus
664 1906 700 1966 de
721 1909 756 1968 ea
778 1929 810 1967 re
831 1908 941 1984 fueris,
962 1929 1027 1970 eam
1048 1929 1107 1966 non
1131 1926 1199 1964 con-

162 1993 243 2056 tinuo
275 2009 424 2065 agnosces.
474 1990 541 2050 Huc
571 1991 700 2069 aceedit,
735 1991 814 2066 quod
838 1993 894 2052 ista
919 1990 1041 2052 deerunt
1064 1995 1142 2050 inter
1165 2010 1199 2048 se

160 2093 262 2132 souitu
286 2077 381 2148 aptior
406 2075 569 2134 coniunctio
597 2075 744 2136 etiamad
769 2095 884 2136 omnem
905 2078 1058 2136 verborum
1078 2074 1199 2134 colloca-

161 2159 273 2232 tionem
292 2179 353 2219 nun
376 2157 534 2218 minumum
555 2159 649 2234 salu,
670 2159 785 2234 quade
807 2162 964 2234 repertun
985 2161 1061 2232 ient,
1082 2159 1131 2216 nbi
1154 2176 1200 2216 res

161 2239 292 2316 ferebat,
317 2239 469 2318 admonui,
491 2242 548 2300 alia
567 2252 674 2302 restant
695 2241 823 2310 dicende.
1214 2260 1219 2268 ·
1264 2309 1272 2330 ἱ

247 2321 346 2401 Quom
369 2327 447 2382 enim
473 2345 508 2384 ea
534 2327 578 2385 ris
597 2336 674 2386 esset
699 2327 857 2401 particulae
879 2319 939 2408 δή,
966 2335 998 2384 ut
1020 2344 1084 2384 sese
1106 2324 1197 2398 magis
1233 2317 1381 2378 [rap-iat«

162 2407 343 2472 submitteret
368 2411 433 2468 voci
453 2409 637 2484 praecedeuti
657 2421 688 2470 et
708 2413 851 2486 reliquam
873 2412 1035 2470 orationem
1059 2411 1118 2468 iam
1139 2428 1198 2467 non
1216 2387 1378 2502 ‘'¹:23⁰sp

163 2489 325 2552 videretnr·
344 2501 491 2566 spectare,
527 2496 583 2554 uisi
613 2514 667 2567 per
694 2514 759 2554 eam
784 2496 879 2567 ipsam
906 2513 1022 2566 vocem,
1062 2494 1108 2554 cui
1129 2491 1197 2550 aab·
1255 2489 1259 2496 '
1328 2489 1335 2504 '

161 2575 260 2634 iuncta
287 2586 381 2652 esset,
411 2578 543 2650 quamvis
573 2577 640 2636 licet
660 2578 724 2650 ipsa
745 2578 877 2637 enclitica
896 2597 957 2634 nen
980 2587 1076 2646 esset,
1102 2584 1199 2633 temen

161 2659 266 2716 sactum
301 2669 345 2719 est
368 2681 443 2735 pene
471 2661 653 2734 necessario,
688 2668 719 2718 ut
749 2680 783 2718 ea
804 2659 921 2732 (peridem
942 2659 1110 2716 coaadicione
1130 2658 1199 2728 poni

163 2763 221 2816 uon
244 2755 343 2816 posset
365 2747 423 2803 nisi
445 2746 544 2803 statim
565 2753 630 2818 post
653 2763 717 2802 eam
738 2763 849 2815 vocem,
874 2745 955 2802 cuius
978 2743 1037 2800 vim
1063 2742 1126 2812 ipsa
1152 2757 1198 2796 ec·

161 2826 263 2885 ferret.
313 2824 348 2885 ld
377 2826 448 2886 adeo
471 2831 710 2902 pronuntiatione
734 2825 752 2884 'a
775 2825 895 2886 Graecis
915 2824 1030 2900 videtur
1053 2823 1199 2897 significa-

162 2917 224 2968 tum
253 2928 335 2984 esse,
367 2919 398 2966 ut
428 2911 584 2984 aliqnando
605 2914 690 2974 etiarn
716 2933 768 2987 pro
795 2913 925 2971 enclitica
947 2906 1199 2985 particule'laabe·

150 3002 245 3074 retur
266 2993 319 3050 illa
339 3013 415 3066 ccx,
438 3013 493 3067 qna
518 2993 554 3052 de
575 3015 607 3052 re
629 2999 698 3054 vide
719 3015 794 3069 qnae
817 2996 946 3054 diximus
967 3015 1055 3068 supra
1068 3015 1097 3065 p.
1118 2996 1199 3064 392„
1225 3012 1230 3022 ·

162 3074 308 3141 interdum
330 3077 416 3134 etiam
441 3097 533 3134 ranem.
550 3097 651 3136 vocem
673 3099 736 3150 cum
758 3079 951 3152 praecedente
974 3076 1116 3154 particule
1138 3075 1200 3132 clii·
1285 3073 1291 3082 “

162 3168 255 3226 curet,
278 3157 308 3214 id
330 3158 406 3232 ‹puod
429 3160 517 3234 volgo
539 3159 572 3217 fit
593 3161 624 3217 in
649 3156 766 3240 ἐπειδὴ
790 3171 819 3217 et
840 3162 910 3218 olim
932 3181 949 3216 n
973 3157 1145 3236 qtaibusdam
1165 3161 1199 3238 ¹ia

74 3244 75 3250 ’
165 3239 313 3308 particulis
334 3237 435 3321 pendi)
463 3245 643 3302 factumest.
686 3240 751 3299 lloc
772 3252 869 3308 tannen
890 3262 948 3299 uon
970 3245 1010 3298 ita
1034 3243 1127 3315 'notuit
1153 3245 1203 3298 ab·

158 3321 272 3390 lineri,
300 3331 330 3377 at
359 3343 517 3396 numquam
540 3331 575 3384 ab
601 3325 656 3382 liac
681 3343 782 3382 nornia
805 3326 1001 3396 recedereturr
1040 3345 1106 3382 nam
1131 3347 1203 3397 ιμιο-

164 3401 371 3460 ties·enclitioa
397 3409 538 3478 ‹puaedam
560 3429 619 3468 nox
641 3419 690 3465 eut
711 3410 828 3468 oinnino
850 3429 903 3484 ea,
930 3403 1005 3483 <puae
1028 3411 1124 3482 aptius
1139 3430 1203 3466 cum
1256 3480 1262 3491 ι

163 3483 349 3554 praecedeuti
379 3509 449 3550 voce
472 3492 634 3552 coalescere
652 3495 748 3565 'quusi
765 3505 805 3551 tet
833 3493 1026 3568 conglutinari
1047 3493 1202 3563 videretur,

60 3638 63 3644 Ι
163 3572 194 3628 iu
215 3567 317 3628 cedern
338 3576 480 3634 sententia
501 3577 596 3635 houm
616 3575 717 3636 babuit
739 3587 767 3636 et
787 3599 852 3638 sese
875 3568 911 3638 ed
933 3579 1013 3637 illam
1026 3585 1135 3635 'rocem
1149 3593 1201 3645 ιιι)-

162 3653 279 3726 plicavit
311 3657 419 3730 magis,
450 3659 556 3718 factum
587 3671 629 3719 est
658 3657 688 3718 ut
720 3664 804 3719 tertio
826 3662 942 3720 demum
967 3661 1030 3718 loco
1056 3657 1201 3715 accederet

163 3729 202 3816 tlt}
235 3737 391 3812 particule,
430 3743 520 3800 veluti
554 3745 587 3801 in
615 3741 770 3818 Sophoclis
803 3746 964 3802 eructuantia
995 3761 1023 3800 v.
1056 3743 1132 3796 1051
1156 3758 1201 3810 aq·

162 3819 208 3876 ed.
232 3819 335 3881 llerm.
358 3822 477 3882 dicitur:

336 3934 409 4002 Γυνὴ
432 3935 461 3992 ot
480 3939 566 4002 θῆλυς
583 3924 652 3990 o'iou
671 3934 739 3989 'euim
757 3935 858 4007 ἀνδρὸς
874 3933 961 4006 φύσιν

334 4000 407 4072 μόνη
427 4025 461 4074 με
481 4004 514 4100 δι’]
533 4007 644 4062 καθεῖλε
662 3999 811 4074 ᾳαᾳγιὶνου
830 4005 921 4074 dipem,
980 4029 983 4036 ·
