3016 4580
600 215 715 316 γάρ.
987 311 995 322 „
1123 227 1190 298 265

146 399 181 459 de
200 417 231 459 re
250 397 363 477 publico
387 393 441 456 lib.
462 391 505 457 V.
533 393 613 460 Part.
641 393 696 458 lll.
724 395 783 457 rol.
811 393 836 456 l.
862 418 894 472 p.
920 401 993 458 218.
1022 395 1068 456 ad.
1087 393 1190 458 Beki.

146 505 175 560 p.
199 486 270 541 451.
292 480 333 541 A.
357 479 404 540 erl.
427 477 469 538 Η.
491 478 595 556 Stepb.
627 479 812 563 Προσκυνῶ
840 478 877 544 δὲ
898 471 1132 566 Ἀδράστειαν,
1162 469 1189 542 ol

148 557 314 638 Γλαύκων,
334 559 431 646 χάριν
447 549 487 628 οὗ
499 561 610 644 μέλλω
623 561 744 646 λέγειν·
765 559 890 641 ἐλπίζω
904 555 967 648 γάρ
983 554 1041 626 οὖν
1054 556 1192 627 ἔλαττον

149 641 329 731 ἁμάρτημα
358 638 524 722 ἀκουσίως
550 643 638 721 τινὸς
666 643 771 732 φονέα
791 638 989 730 γενέσθαιῆ
1012 637 1191 712 ἀπατεῶνα

78 812 82 818 .
149 729 258 793 καλῶν
285 751 321 793 τε
349 727 413 794 καὶ.
432 723 569 810 ἀγαθῶν
597 725 654 792 καί
681 725 818 794 δικαίων
845 726 901 793 καὶ
919 723 1067 809 νομίμων
1087 727 1192 816 πέρα,

150 834 208 888 quo
238 817 270 872 iu
299 813 363 873 loco
393 835 481 888 quom
510 814 563 874 ille
584 814 764 887 adfirmatio,
796 833 884 887 quam
905 817 1032 872 continet
1052 817 1192 889 particula

149 891 224 984 γάρ,
243 898 367 956 inlertnr
388 898 594 973 explicationis
617 917 726 973 causeo,
751 897 839 974 istud,
857 898 933 972 quod
951 897 1116 958 adiunctum
1137 909 1193 974 est,

151 970 208 1043 υάν
233 1002 296 1041 rem
322 982 411 1040 refert
431 984 524 1058 magis
546 981 583 1040 ad
607 990 790 1056 praesentem
810 1001 908 1047 rerrnn
927 989 1048 1057 statum,
1077 985 1109 1041 iu
1134 1003 1192 1059 quo

148 1061 205 1121 lroc
228 1067 285 1123 iam
308 1069 349 1124 ite
373 1063 578 1140 explicandum
600 1086 665 1126 esee
689 1063 830 1125 videatur.
873 1063 924 1124 Sic
946 1067 977 1124 iu
999 1069 1132 1126 omuibus
1154 1068 1193 1125 iis

148 1147 232 1222 locis,
259 1151 310 1208 ubi
333 1151 451 1224 ponitur
471 1149 612 1224 particule
631 1142 712 1230 γάρ,
733 1150 760 1208 ri
781 1169 827 1207 res
849 1169 989 1222 praesens
1011 1153 1104 1224 magis
1125 1171 1194 1209 cou-

148 1232 305 1291 sideranda
325 1253 387 1292 esse
404 1233 552 1306 videatur,
572 1232 680 1308 adponi
701 1242 810 1307 potest,
832 1253 907 1307 quae
932 1231 988 1292 lroc
1008 1234 1103 1310 iubet,
1124 1253 1194 1308 par·

149 1317 236 1375 ticulc
256 1307 323 1380 οὖν.
367 1313 417 1375 sie
431 1316 614 1391 adhibentur,
634 1329 665 1375 ut
678 1315 733 1376 lroc
747 1336 978 1391 commemorem,
997 1320 1086 1376 etiam
1099 1321 1131 1376 in
1147 1337 1194 1378 ree

149 1403 352 1474 sponsionibus
374 1401 493 1461 eaedem
516 1401 687 1478 particulae,
705 1401 795 1459 veluti
819 1402 850 1458 iu
872 1421 907 1459 eo
928 1401 1003 1476 loco,
1026 1422 1114 1477 quem
1134 1405 1195 1463 lem

149 1487 246 1560 posuit
278 1483 491 1559 lloogereenus
523 1505 554 1560 p.
589 1491 659 1545 106.
691 1482 737 1543 ed.
766 1480 885 1542 Schiitz.
917 1482 1126 1561 Xenophontis
1157 1485 1196 1545 de

150 1569 310 1646 Disciplina
333 1569 397 1640 Gyri
427 1569 478 1626 lib.
503 1575 531 1626 l.
560 1589 623 1643 cap.
643 1574 671 1628 6.
700 1571 728 1640 §.
749 1574 801 1626 22.
830 1567 875 1626 ed.
898 1567 1012 1647 Zenn.,
1042 1571 1092 1628 nbi
1121 1569 1196 1630 haee

150 1648 310 1710 lubenter:
334 1647 458 1726 Λέγεις
479 1645 528 1722 ori,
553 1643 627 1734 ἔφη,
652 1640 817 1730 dudeco,
840 1642 946 1726 sicud
970 1648 1197 1731 πειθομένους

152 1725 238 1808 ἔχειν
259 1725 355 1798 eiiii
376 1727 461 1800 elnon
482 1727 727 1818 ἀνυσιμώτερον
745 1735 805 1800 τοῦ
821 1727 1070 1844 (ρρονιμιίτερον
1085 1735 1196 1802 δοκεῖν

152 1809 240 1882 εἶναι
266 1818 330 1880 τῶν
356 1807 558 1902 &opertione
590 1814 693 1899 Λέγω
719 1810 780 1898 γὰρ
803 1840 870 1893 συν,
892 1809 983 1900 ἀφρ,
1013 1828 1071 1894 qua
1093 1823 1127 1900 in
1148 1841 1195 1880 re·

152 1904 311 1978 sponsione
340 1905 431 1962 multo
456 1905 549 1974 magis
577 1913 674 1961 exstat
693 1902 839 1965 conclusio
864 1904 937 1976 iata,
964 1925 1052 1977 quam
1076 1908 1104 1966 si
1125 1906 1196 1963 sim·

151 1987 266 2062 pliciter
298 1984 458 2046 diceretur:
494 1979 597 2065 Λέγω
629 1979 702 2070 γάρ.
756 1984 819 2046 Νεο
854 1985 939 2048 aliter
970 2007 1018 2052 rea
1047 2009 1080 2048 aa
1108 1987 1197 2054 babet

150 2070 259 2130 ibidem
285 2061 401 2130 ΗΠ.
434 2089 497 2144 cap.
527 2069 556 2126 5.
583 2072 612 2141 γ.
636 2075 684 2128 16.
719 2063 847 2136 Οάκσῦν
876 2064 940 2149 ἐγὼ
967 2067 1132 2155 ἐπείσθην
1159 2091 1196 2135 τι

152 2155 256 2218 ταῦτα
285 2147 352 2218 ὑπὸ
383 2155 443 2217 σοῦ
472 2146 528 2212 καί
550 2146 793 2254 παρεγενόμην,
823 2145 946 2236 ἀνδρας
964 2145 1052 2236 ἀίγων
1073 2147 1196 2229 σοιὼς

151 2227 192 2302 dv
213 2231 351 2303 donorio
371 2231 549 2308 πλείστους
570 2255 606 2297 τε
628 2232 684 2298 καὶ
706 2232 881 2319 αρίστους;
908 2227 1034 2312 Ἠλίλες
1048 2232 1111 2318 γάρ
1127 2225 1195 2310 οὖν,

145 2271 231 2408 imp.
274 2321 404 2382 Additur
427 2323 468 2378 ita
492 2320 633 2391 particula
656 2308 713 2383 οὖν
735 2323 822 2381 etiam
843 2317 905 2402 γὰρ
929 2341 983 2396 per
1005 2319 1196 2396 parenthesin

151 2409 303 2469 interiecto
321 2409 355 2465 in
373 2403 468 2466 media
486 2403 584 2476 aliqua
599 2407 806 2481 enuntiatione,
831 2409 873 2465 nti
887 2408 919 2464 in
933 2404 1063 2464 Platonis
1079 2411 1196 2466 limoso

151 2492 232 2551 Part.
254 2488 309 2550 111.
340 2491 398 2551 rot.
423 2487 463 2548 11.
490 2507 518 2560 p.
546 2494 595 2562 ιι,
625 2486 669 2548 ω.
700 2487 928 2564 Bekk.p.21.
956 2488 1003 2551 et.
1027 2487 1066 2550 Η.
1090 2487 1197 2564 steph.
1223 2483 1229 2498 '

146 2569 186 2638 ‘0
208 2569 244 2637 d*
271 2569 391 2658 γέρων,
413 2565 547 2656 ,σφόδρα
568 2565 631 2652 γὰρ
655 2560 712 2634 οὖν
731 2569 914 2656 μέμνημαι,
934 2566 1026 2652 μάλα
1046 2593 1082 2636 τε
1103 2567 1196 2660 ἥσθη

153 2654 208 2722 καὶ
230 2599 465 2734 ἀιαμειδισίσας
486 2650 579 2720 εἶπεν
601 2645 666 2714 nri.
828 2669 829 2672 ’
1387 2735 1389 2742 Ι
1435 2731 1438 2738 Ι

236 2738 288 2800 Sic
308 2741 463 2816 adponitur
475 2731 534 2804 οὖν
550 2739 638 2794 etiam
656 2735 693 2796 ad
707 2740 873 2798 coniunctas
888 2737 1043 2812 particulas
1055 2727 1141 2799 ἀλλά
1153 2769 1196 2784 -
1209 2729 1377 2818 misti?

153 2819 235 2912 γάρ,
260 2825 353 2887 veluti
375 2827 409 2884 in
431 2823 585 2900 Sophoclis
610 2823 715 2906 Oedipo
738 2822 858 2882 Geloneo
879 2841 909 2883 v.
928 2825 990 2882 989
1009 2841 1053 2898 sq.
1076 2820 1194 2892 dicituro
1266 2819 1327 2863 ουν*

141 2937 143 2942 ’
202 2915 208 2924 ”
331 2935 399 2990 Ἀλλ’
419 2937 450 2992 ἲν
467 2935 522 3010 γὰρ
541 2926 592 2993 οὖν
608 2938 709 3008 ἔξοιδα,
728 2937 759 2990 σὲ
777 2935 831 3006 μίν
848 2931 936 2995 ἐκόκτ’
957 2935 1008 3008 ἐμὲ

334 3012 429 3076 κείνην
447 3023 475 3062 τε
493 3009 576 3063 ταῦτα
594 3007 744 3076 δυσιομεῖν
759 3005 825 3073 κτλ,

81 3097 83 3110 ¹
154 3133 213 3188 quo
231 3114 265 3172 in
286 3111 349 3171 loco
371 3133 458 3188 quem
479 3111 516 3170 ud
537 3109 652 3169 modum
676 3099 733 3174 οὖν
754 3109 953 3185 accipiendum
971 3111 1018 3184 sit,
1037 3109 1124 3168 facile
1147 3131 1198 3184 ape

153 3207 245 3271 paret.
286 3195 417 3256 Revocat
440 3198 518 3255 enim
536 3195 577 3270 id,
601 3193 680 3270 quod
700 3193 813 3271 dicitur,
835 3191 872 3253 ad
889 3213 954 3261 eom
972 3213 1069 3256 rorum
1082 3201 1199 3268 statum,

155 3299 242 3355 qoem
263 3282 322 3339 iam
342 3289 526 3356 praesentem
546 3278 716 3338 habeamus.

238 3361 302 3424 Nec
332 3373 427 3424 tamen
457 3368 549 3426 obstat
577 3363 753 3438 quidquam,
787 3381 845 3436 quo
865 3361 962 3419 miuus
985 3358 1021 3419 ad
1041 3359 1199 3435 particulas

154 3441 219 3528 γὰρ
241 3435 314 3526 οὖν,
342 3451 368 3508 si
393 3452 531 3524 temporis
553 3449 717 3522 praesentis
738 3447 887 3505 notionem
904 3443 1003 3505 efferri
1027 3447 1089 3522 ris,
1112 3447 1199 3502 etiam
1236 3461 1238 3466 ·

154 3527 282 3603 adpones
302 3531 356 3596 νῦν
380 3533 568 3607 perticulam,
598 3551 686 3607 quem
709 3529 882 3592 admodum
903 3528 1006 3590 dicitnr
1025 3530 1059 3588 in
1081 3527 1199 3590 Aristar

153 3611 261 3687 phanis
287 3617 385 3692 Vccpis
406 3637 437 3678 v.
455 3619 517 3676 725
539 3636 584 3692 sq.

183 3714 225 3778 Ἠ
237 3726 401 3798 κου’σσαὸς
417 3717 451 3793 ἦν
469 3725 541 3787 ὅστις
556 3729 689 3799 ἔφασκεν,
707 3727 776 3798 πρὶν
792 3721 828 3779 ἀν
842 3724 954 3798 ἀμφοῖν
965 3725 1061 3794 μῦθον
1072 3705 1198 3792 ἀκούσῃς,
1265 3729 1274 3751 ·’

188 3792 240 3849 οὐκ
257 3791 294 3848 ἀν
311 3791 444 3856 δικάσαις.
464 3793 498 3848 σὺ
516 3793 571 3866 γὰρ
588 3787 639 3850 οὖν
655 3797 707 3850 νῦν
716 3814 767 3866 μοι
778 3796 858 3848 νικᾶν
867 3795 961 3861 πολλῷ
972 3787 1120 3857 δεδόκησαι
1133 3789 1199 3856 aad,

155 3899 224 3973 quia
245 3889 304 3962 σάν
325 3922 385 3960 non
407 3902 535 3961 continet
556 3900 615 3958 nisi
634 3897 676 3972 id,
698 3897 803 3973 quod,
825 3905 865 3954 nt
885 3915 941 3957 rer
966 3900 1200 3969 comparatae

154 3982 248 4059 sint,
273 3987 336 4060 sit,
360 3986 488 4060 ideoque
508 3989 586 4044 recte
607 3988 719 4055 tempus
740 3983 837 4055 ipsum
858 3981 1017 4039 accuretius
1037 3980 1126 4038 etiam
1146 3998 1201 4054 per

155 4065 211 4128 νῦν
231 4065 373 4129 declarari
392 4071 497 4146 potnit.
539 4053 619 4127 Vide
632 4061 862 4142 Hoogereeuum
881 4068 998 4140 p.107.
1020 4062 1066 4125 ed.
1080 4061 1198 4134 Saluitto,
