2980 4574
27 3511 29 3518 Ι
92 3570 95 3580 .
174 3533 311 3584 sitandam.

354 173 444 295 oea
836 145 906 261 μη.

158 375 162 382 -
230 352 281 422 Μη
423 341 541 420 'Atqne
567 345 600 404 in
624 345 687 405 eins
709 343 788 404 modi
813 343 898 420 loeis,
912 347 1001 406 etiem
1028 350 1173 424 optativus
1198 373 1253 430 pro
1275 357 1414 416 ooninn·

172 426 340 508 wntpsslss·
356 432 432 490 otiro
459 432 596 506 ponitur,
630 433 656 490 si
684 428 802 506 quidem
824 433 858 490 in
879 433 1048 494 narratione
1075 437 1119 494 rei
1139 440 1276 513 cogitatio
1301 446 1411 518 nangis

220 508 287 613 Ὗ
357 537 446 592 qnam,
465 523 585 576 eventus
607 525 769 591 spectator,
787 536 849 590 quo
870 517 901 575 in
922 537 1031 592 genere
1052 522 1140 578 etiam
1161 522 1271 582 iactum
1293 536 1355 600 est,
1376 536 1413 584 nt
1465 583 1466 590 ,

200 633 320 698 opum
354 604 388 662 in
419 621 478 658 nne
501 600 659 675 eademqne
680 602 884 660 enuntiatione
914 611 943 660 et
969 607 1117 680 optativus
1142 613 1171 665 et
1195 610 1410 670 ooninnetirns

354 693 551 760 ponerentur,
584 686 675 744 relati
705 687 737 744 in
762 683 913 760 Euripidis
941 688 1057 748 Hecuba
1088 711 1117 753 v.
1148 697 1229 754 1107
1252 713 1323 770 sqq.
1333 713 1342 728 ··
1357 695 1407 756 ed.

353 769 458 832 Herm.
480 769 598 829 dicitur:

544 895 657 955 ’Ἔδεισα
673 895 712 972 pri
729 914 774 954 σοι
792 895 923 968 πολέμιος
938 903 1065 974 λειφθεὶς
1082 901 1097 958 ὂ
1114 910 1181 968 παῖς

554 975 658 1041 Τροίαν
676 968 795 1043 ἀθροίσῃ
811 972 857 1022 nal
875 973 1013 1042 ξυνοικίση
1031 971 1131 1028 πάλιν·

549 1035 660 1110 γνόντες
681 1037 709 1093 δ’
726 1037 830 1104 Ἀνιιιοὶ
852 1042 937 1100 ζῶντα
955 1031 1122 1114 Πριαμιδῶν
1136 1041 1222 1114 sends

551 1109 673 1192 φρονῶν
693 1107 721 1166 ἐς
739 1093 804 1160 aiau
821 1099 901 1168 αὖθις
918 1105 1014 1176 ἄρειον
1034 1107 1131 1164 ordior

492 1193 496 1200 '
548 1194 665 1230 κατιειτα
688 1172 794 1249 Θρῄκης
812 1178 895 1232 πεδία
912 1184 1036 1246 τρίβοιεν
1050 1177 1122 1240 τάδε,

548 1247 752 1314 λεηλατοῦντες,
774 1250 894 1313 γείτοσιν
911 1245 939 1300 ‹l’
962 1251 1003 1315 τίη
1021 1247 1107 1302 κιικόν

552 1311 670 1388 Τρώων,
694 1313 725 1369 ίν
744 1302 818 1388 ᾧπερ
836 1317 903 1382 νῦν,
921 1310 1005 1384 ἄναξ,
1025 1313 1226 1388 ἐκάμνομεν.»

350 1439 385 1500 ad
415 1459 502 1514 quem
528 1439 623 1500 locum
652 1446 726 1496 recte
754 1437 902 1498 adnotavit
924 1436 1076 1516 Pllnghius
1097 1441 1288 1502 ooniunetiris
1309 1461 1397 1498 nsum
1468 1449 1469 1482 t

349 1525 443 1584 videri
466 1534 595 1600 poetam,
619 1521 694 1598 quod
717 1535 866 1583 reseretur
885 1521 1074 1600 Polymestor
1090 1547 1127 1586 ne
1148 1523 1237 1584 Troia
1258 1527 1397 1583 restitne-

349 1622 441 1684 retar,
474 1611 611 1684 optativis
631 1613 748 1678 τιιιιοιιτ,
764 1608 842 1682 qnod
862 1611 1055 1669 coniecturam
1077 1610 1202 1684 laceret,
1223 1607 1302 1668 hand
1325 1629 1396 1668 esse

348 1697 413 1752 veri
445 1694 584 1752 dissimile
617 1689 746 1750 Aehivos
779 1693 929 1751 redituros.
977 1689 1059 1752 Vide
1087 1692 1138 1752 Fr.
1167 1692 1333 1754 Franhinm
1360 1696 1394 1750 in

347 1775 460 1836 Diariis
474 1775 638 1838 Darmstad.
658 1779 727 1834 anni
741 1771 1045 1836 MDGCGXXXtX.
1066 1800 1094 1852 p.
1113 1782 1215 1852 1248:‚
1239 1779 1290 1853 qni
1311 1787 1391 1836 reete

348 1864 438 1920 etiam
461 1859 590 1919 Platonis
612 1862 705 1918 loonm
726 1861 884 1920 Plroorlonie
907 1857 984 1920 l'srt.
1004 1860 1044 1920 ll.
1066 1863 1126 1921 rol.
1143 1861 1197 1922 lll.
1217 1884 1245 1937 p.
1269 1867 1321 1922 67.
1344 1859 1390 1920 ed.
1469 1873 1470 1898 t

347 1943 449 2005 Beki.
472 1965 500 2018 p.
518 1950 569 2004 88.
599 1941 633 2002 C.
654 1943 700 2002 ed.
719 1941 758 2000 ll.
773 1941 877 2018 Steph.
901 1952 1006 2004 tutatus
1028 1955 1089 2022 est,
1120 1949 1169 2006 uhi
1191 1945 1263 2006 haee
1284 1947 1389 2022 legna-

347 2039 410 2088 tar:
426 2023 502 2090 Ὅτι
523 2061 565 2071 -
588 2020 723 2104 ἐδόκουν
746 2017 951 2110 ἆναιαράξσι
973 2025 1028 2092 καὶ
1046 2023 1095 2105 εἰς
1109 2021 1269 2095 ἀπιστίαν
1286 2051 1388 2092 κατο-

345 2111 461 2195 pateis
487 2105 525 2176 οὗ
550 2105 651 2192 μόνον
679 2112 750 2184 τοῖς
775 2109 1030 2196 προειρημένοις
1057 2109 1184 2196 λόγοις,
1222 2105 1386 2178 ἀλλὰκαὶ

346 2190 395 2272 εἰς
415 2191 456 2258 τὰ
480 2191 616 2280 ὕστερον
636 2191 798 2274 μέλλοντα
819 2191 1048 2280 ῥηθήσεσθαι,
1070 2193 1115 2282 μὴ
1139 2189 1275 2273 οὐδενὸς
1298 2189 1381 2271 ἄξιοι

295 2357 300 2366 Χ
346 2273 436 2366 είρεν
459 2273 609 2364 rporali}
632 2273 749 2341 καὶτὰ
771 2274 952 2358 πράγματα
974 2271 1058 2343 αὐτὰ
1082 2275 1209 2345 ἄπιστα
1235 2270 1269 2366 ᾗ.
1310 2279 1385 2342 Nam

344 2363 400 2424 hoc
426 2385 543 2440 quoqne
568 2364 633 2423 loco
658 2362 759 2422 eodem
784 2364 949 2424 discrimine
976 2368 1102 2441 primum
1129 2369 1292 2442 optativus,
1327 2375 1386 2424 tum

345 2451 544 2508 coniunctivae
567 2449 678 2523 positus
701 2467 764 2506 esse
785 2447 909 2509 ridetur.

222 2559 272 2628 Μὴ
428 2549 566 2626 Denique
595 2551 775 2624 componitur
800 2544 844 2632 μη
868 2548 1007 2624 particule
1029 2549 1061 2607 in
1081 2547 1264 2623 prohibendo
1289 2551 1384 2610 inter-

164 2651 219 2686 σω
237 2637 330 2690 tuturo,
349 2633 417 2693 dum
445 2637 619 2695 etiam·cum
650 2633 766 2708 saturo,
798 2634 874 2707 qrrod
901 2633 1014 2692 dicendi
1035 2654 1129 2710 genus
1149 2635 1226 2693 recte
1247 2632 1287 2693 G.
1309 2633 1388 2694 ller-

346 2740 471 2779 mannus
503 2721 538 2777 ad
573 2709 704 2794 Viporrim
737 2740 764 2792 p.
788 2723 859 2776 801.
894 2717 939 2776 ed.
968 2725 1034 2778 tert.
1063 2718 1098 2777 ad
1126 2721 1386 2795 interrogationem

345 2824 498 2864 revocasse
525 2803 654 2878 videtur,
686 2803 774 2862 velati
802 2803 834 2859 in
856 2799 1011 2876 Sophoclis
1031 2803 1119 2862 Ainos
1139 2823 1169 2862 v.
1191 2805 1242 2864 75.
1265 2803 1385 2863 dioi'tnre

572 2931 612 2988 Oi
630 2931 687 3001 σῖγ’
708 2928 813 2998 cirtica,
831 2932 903 3002 μηδὲ
922 2934 1028 2988 δειλίαν
1042 2929 1118 3006 ἀρεῖς
1125 2955 1135 3000 ,·

343 3065 371 3117 et
392 3057 425 3116 in
448 3053 608 3116 Trachiniis
628 3077 656 3115 ιι.
681 3059 771 3114 1183.

554 3185 592 3242 Oi
612 3189 722 3242 θᾶσσον
739 3191 836 3256 οἴσεις,
854 3183 924 3258 μηδ’
944 3181 1101 3255 ἀπιστήσεις
1118 3185 1200 3257 ipat,-

216 3317 267 3386 Μὴ
424 3309 475 3372 Ad
495 3333 525 3385 p.
548 3319 618 3371 131.
660 3310 709 3370 De
733 3311 909 3369 abnndantia
936 3301 982 3394 μη
1013 3309 1172 3385 partierrlae
1200 3314 1269 3386 post
1293 3329 1381 3384 qnae-

157 3401 215 3455 1¹0⁸*
244 3406 325 3455 ‘1¹¹⁸‘-
341 3393 408 3454 dem
433 3397 523 3454 rerba
549 3399 704 3470 negativae
725 3396 772 3454 rel
794 3393 987 3470 prohibitione
1007 3395 1151 3454 facultatis
1177 3395 1245 3454 vide
1263 3406 1378 3469 praeter

158 3463 213 3510 ‘¹³¹⁰
246 3463 324 3511 '⁰¹¹³'
342 3498 395 3553 ea,
422 3497 498 3554 quae
525 3478 562 3538 G.
590 3479 631 3540 Η.
659 3477 834 3540 Soheelerus
864 3477 953 3538 hahet
974 3479 1011 3539 ad
1027 3477 1174 3553 Vigerunn
1198 3501 1226 3553 p.
1250 3483 1314 3538 810
1331 3498 1372 3549 eq.

341 3561 387 3623 ed.
406 3561 509 3624 Herm.
534 3575 616 3639 tert,
643 3564 712 3638 ille,
734 3585 809 3639 qeins
831 3563 934 3623 adtulit
958 3559 992 3622 C.
1015 3559 1149 3624 Wexins
1169 3562 1206 3622 ed
1227 3559 1376 3639 Sophoclis

338 3652 512 3725 Διιίίριιιιιιιιι
532 3671 561 3710 v.
580 3653 652 3708 264.
676 3671 704 3722 p.
732 3655 791 3708 140
807 3669 873 3724 sqq.

423 3731 470 3792 De
498 3743 647 3792 renotem
673 3736 712 3792 ita
735 3731 967 3792 existumandnm
992 3737 1053 3807 est,
1086 3751 1146 3790 non
1171 3731 1293 3790 otiosam
1316 3749 1379 3789 esse

338 3819 523 3890 negationem
542 3821 574 3876 in
596 3819 756 3876 eiusmodi
777 3818 864 3889 locis,
897 3815 949 3876 sed
972 3819 1012 3877 ita
1035 3817 1109 3891 poni
1125 3809 1320 3884 infinitivam,
1348 3825 1379 3871 nt

337 3921 399 3958 non
421 3921 487 3976 res,
519 3923 595 3976 qnae
616 3901 796 3976 prohibenda
819 3903 969 3978 videatur,
997 3901 1199 3977 intellegatur,
1227 3897 1279 3960 sed
1303 3918 1379 3972 qnae

283 3991 291 4006 ⁸
336 3985 367 4042 ri
398 4003 431 4042 ao
461 3995 604 4060 potestate
632 3989 717 4045 istius
743 3985 948 4060 prohibitionis
976 3989 1034 4046 iant
1063 4005 1123 4044 non
1144 3983 1206 4042 fiat.
1248 3981 1327 4042 Nem
1352 3985 1378 4042 si

337 4065 454 4144 quondo
475 4089 537 4129 rem
559 4079 671 4130 tantam
692 4069 778 4153 modo
799 4071 966 4158 signifioarq
986 4073 1049 4146 ris,
1071 4068 1106 4128 ed
1126 4087 1213 4146 quam
1233 4068 1379 4142 pertineat
