3016 4580
342 353 577 442 κατακείμενος
597 354 654 424 καὶ
671 351 850 426 ’καθεύδων
870 356 906 425 ὲν
925 361 982 447 cpi
994 358 1101 442 τείχει
1122 358 1182 428 doci
1208 361 1386 450 φρυγάνων

342 442 399 509 καὶ
419 437 569 528 καλάμης
591 440 648 507 καὶ
669 445 858 528 συρφετῶν·
880 441 918 508 τὸ
941 435 999 510 οὖν
1021 438 1107 510 ἔσω
1120 443 1140 524 ζ
1147 439 1263 549 draps
1284 445 1319 514 ἐν
1335 445 1385 515 εἰ.

254 595 261 624 ·
340 524 663 672 tibitibi
687 531 1290 675 ”iiiiii'liii-''iiltit
1312 553 1383 680 ⁰⁰12}
1477 547 1480 554 ⁵

338 632 375 756 de
394 717 429 755 eo
450 631 678 770 incendamur,
700 703 733 753 ut
750 635 872 780 ydrpqex
895 636 931 778 yps*
951 706 980 757 et
996 691 1064 781 ἆρα
1076 637 1181 756 natalia⁸
1191 719 1257 758 csse
1272 639 1381 762 diheses

315 783 504 861 ,veterisque
532 778 705 842 scholiastae
735 785 920 855 praeceptum
947 784 1178 856 comprobaret*
1212 782 1294 843 Dicit
1320 789 1381 862 igi..
1490 807 1495 813 ·

338 873 386 924 tur
409 864 463 925 illo
490 865 571 938 loeo,
600 874 756 939 postquam
782 866 943 940 legatorum
969 865 1123 924 delicatulo
1150 886 1183 926 ac
1203 868 1303 928 mollis
1322 873 1382 930 rita
1490 881 1503 922 ι’

337 959 473 1008 enarrata
494 956 549 1022 est,
571 945 761 1022 Dicaeopolis
782 942 869 1008 hocs⁸
888 951 1066 1009 Vehementer
1085 955 1173 1025 iqitor
1191 952 1312 1011 sulutem
1332 958 1381 1012 irr-

335 1033 481 1092 ocnioboru
502 1051 567 1106 eqo,
591 1036 763 1107 quireperim
783 1038 891 1091 intereo
910 1033 1058 1103 eusebius,
1080 1033 1190 1106 idest,
1211 1036 1239 1094 si
1260 1035 1380 1108 plenam
1469 1109 1475 1116 ¹

260 1107 262 1118 ¹
335 1118 470 1176 volumus
491 1113 614 1174 reddere
635 1097 824 1173 senteutiam:
854 1119 889 1174 Si
908 1135 968 1186 eos,
991 1121 1040 1194 qui
1059 1116 1177 1176 delicate
1198 1123 1322 1190 sinistis,
1345 1121 1379 1180 do

334 1209 431 1260 oestro
458 1203 520 1258 cito
545 1203 760 1274 conquerimini,
791 1200 963 1258 vehamur
985 1205 1072 1275 ipitur
1094 1209 1166 1258 corte
1187 1220 1236 1276 eqo
1257 1203 1378 1262 solcum

250 1279 252 1286 ’
333 1282 508 1343 inveniebam
534 1315 583 1352 -·-,
611 1291 642 1340 ot
668 1301 719 1341 ooe
738 1286 800 1341 iore
818 1287 898 1360 queri
915 1292 1062 1359 opporect.
1105 1281 1220 1342 Harum
1244 1289 1378 1350 enuntia·

335 1369 449 1426 ficuum
467 1385 528 1423 non
549 1367 646 1440 posuit
660 1362 879 1440 Aristophanes
897 1368 954 1426 uisi
970 1367 1106 1442 mediam,
1126 1371 1266 1442 quoniam
1279 1389 1377 1443 neqns

219 1519 224 1524 ¹
270 1471 272 1477 ·
332 1453 433 1526 priore
454 1469 527 1524 opus
547 1452 717 1528 erathquia
743 1469 782 1508 ex
803 1449 1057 1525 antecedentibus,
1080 1473 1137 1527 quo
1159 1450 1378 1526 Dicaeopolidis

332 1538 428 1594 oratio
443 1537 613 1610 pertineret,
634 1534 793 1608 constabat,
814 1555 868 1608 nec
881 1539 1028 1610 posterior
1040 1539 1204 1596 neccssaria
1215 1537 1377 1612 videbatur,

332 1621 473 1694 qnoniam
501 1638 587 1678 nemo
614 1619 679 1678 fere
707 1629 823 1692 poterat
850 1619 941 1677 alium
967 1622 999 1678 iu
1028 1621 1144 1680 modum
1170 1620 1261 1695 illud,
1297 1621 1377 1695 quod

225 1715 232 1727 ⁸
332 1703 440 1762 dictum
459 1711 531 1778 erat,
553 1704 708 1776 accipere·
735 1700 771 1762 si
793 1705 844 1763 alii
865 1706 1040 1776 interpretes
1059 1706 1221 1764 recentiore
1245 1715 1377 1779 tempore

330 1787 569 1858 interrogationis
590 1788 708 1860 signum
728 1795 794 1860 post
816 1781 1052 1860 κατακείμενος
1066 1797 1233 1860 posuerunt,
1254 1788 1286 1846 id
1300 1787 1375 1848 nihil

331 1867 368 1926 sd
394 1868 563 1942 particulam
591 1869 707 1940 quidem
736 1863 799 1950 γὰρ
823 1867 1066 1940 interpretandam
1091 1871 1174 1942 facit,
1202 1871 1253 1928 sed
1276 1875 1375 1932 minus

331 1959 429 2009 nmen
450 1952 536 2009 uobis
556 1947 626 2007 hnic
644 1948 707 2007 loco
729 1951 888 2008 convenire
904 1949 1032 2022 ridetur,
1052 1953 1121 2025 quia
1139 1953 1182 2010 sic
1199 1951 1251 2010 illa
1264 1955 1374 2031 ironia,

331 2053 407 2110 quae
433 2037 528 2108 posita
548 2036 644 2093 estin
666 2035 747 2091 omni
767 2030 822 2091 hac
843 2030 1061 2107 Dicaeopolidis
1084 2037 1250 2110 sententia,
1275 2038 1374 2098 miuus

329 2119 446 2179 ridetur
471 2127 597 2177 exstare.
644 2113 848 2176 Vehementer
877 2126 974 2174 autem
1000 2119 1052 2178 isti
1082 2126 1197 2193 erraut,
1228 2121 1280 2193 qui
1311 2143 1375 2182 non

329 2205 430 2279 agnita
457 2204 489 2261 vi
520 2196 583 2284 γὰρ
614 2202 772 2276 particulae
804 2200 988 2277 conclusiva,
1021 2205 1062 2260 ita
1094 2201 1210 2262 demum
1238 2205 1374 2282 intellegi

327 2307 417 2362 posse
438 2287 614 2344 arbitrantur
635 2283 712 2343 huuc
731 2286 841 2356 locum,
871 2287 895 2342 si
917 2292 985 2345 ante
1006 2288 1116 2372 serbus
1146 2279 1286 2371 Σφόδρα
1306 2284 1371 2374 γὰρ

109 2411 119 2428 ,
201 2343 217 2381 ι’
327 2361 498 2450 ἐσωζόμην
526 2363 589 2448 ἐγώ
617 2362 713 2450 παρὰ
737 2365 797 2453 τὴν
822 2361 962 2444 ἔπαλξιν
989 2361 1054 2432 rei.
1084 2372 1171 2428 tacita
1197 2374 1372 2448 cogitatione

327 2453 415 2512 talem
439 2453 567 2527 aliquam
593 2454 769 2512 senteutiam
795 2452 970 2529 suppleant,
1002 2453 1097 2528 qualis
1121 2463 1182 2514 este
1214 2445 1372 2536 Ἀληθῶς

326 2533 442 2618 λέγεις.
484 2535 591 2612 Neque
619 2540 698 2596 euim
723 2539 825 2613 prins,
851 2555 941 2612 quam
966 2538 1089 2614 loquare
1116 2539 1243 2616 aliquid,
1273 2547 1371 2613 potest

325 2621 486 2698 quidquam
515 2641 556 2681 ex
581 2624 714 2681 oratione
741 2629 792 2680 tua
819 2621 963 2698 suppleri.
1010 2619 1088 2683 Nam
1116 2623 1237 2682 alterins
1264 2623 1369 2700 oratio,

324 2725 402 2782 qnae
428 2704 593 2782 praecedit,
621 2704 716 2780 nihil,
745 2705 824 2781 qnod
850 2726 890 2765 ex
912 2713 1010 2767 mente
1034 2706 1240 2781 respondentis
1261 2705 1371 2767 dictum

208 2825 212 2832 ·
282 2794 285 2800 ’
325 2809 391 2850 ease
410 2789 554 2864 rideatur,
573 2787 763 2864 suppeditare
783 2791 911 2862 poter-its
936 2792 1037 2864 itaque
1058 2789 1131 2848 haec
1142 2789 1262 2864 quidem
1275 2793 1369 2852 inter·

323 2871 458 2946 pretendi
485 2874 560 2930 ratio
582 2871 702 2929 omnis
807 2875 874 2930 suto
895 2879 988 2946 earet,
1014 2871 1066 2930 sed
1087 2872 1180 2932 dicam
1201 2874 1238 2933 de
1259 2871 1315 2934 hae
1333 2894 1369 2935 re

318 2953 471 3027 deinceps.
512 2951 577 3010 lam
603 2955 681 3012 cuim
708 2951 732 3012 il
764 2950 783 3011 d
808 2952 1065 3020 demonstrandum
1091 2967 1155 3033 est,
1183 2957 1266 3015 illam
1294 2960 1367 3034 vim,

324 3057 412 3111 quam
432 3037 557 3111 primam
578 3055 611 3095 sc
636 3035 798 3096 naturalem
818 3040 977 3112 particulae
998 3034 1061 3122 γὰρ
1083 3059 1148 3108 cese
1168 3038 1308 3117 diximus,
1331 3044 1366 3102 in

322 3123 404 3180 omni
429 3121 559 3181 locorum
585 3139 694 3194 genera
719 3129 796 3182 recta
822 3131 911 3196 posse
936 3121 1083 3198 adhiberi,
1113 3142 1200 3197 quom
1222 3142 1256 3181 ea
1278 3128 1366 3203 ratio,

322 3224 380 3278 qua
400 3203 486 3279 volgo
510 3205 673 3279 explicatur
694 3207 740 3264 ris
765 3207 828 3264 eius
851 3205 1025 3280 particulae,
1051 3225 1111 3264 non
1133 3207 1227 3279 possit
1247 3210 1306 3266 uisi
1327 3209 1365 3269 ad

321 3296 429 3364 ceptum
455 3287 599 3361 quoddam
623 3285 720 3362 genus
734 3291 875 3350 orationis
894 3290 1050 3363 pertinere.
1092 3286 1171 3362 Nam
1192 3311 1227 3349 ea
1248 3291 1363 3356 demum

319 3389 390 3428 rere
418 3373 537 3429 alicuius
566 3375 647 3432 verbi
672 3373 829 3448 explicatio
851 3381 911 3448 est,
940 3393 1014 3452 qnae
1037 3373 1169 3436 omnibus
1192 3375 1282 3452 locis,
1312 3377 1362 3438 nbi

319 3453 393 3512 illud
416 3454 535 3528 legitur,
559 3465 637 3513 recte
659 3455 791 3515 adhiberi
810 3459 914 3530 possit.

403 3535 453 3597 Ac
479 3557 616 3608 maxume
641 3537 760 3612 quidem
785 3548 883 3602 exstat
905 3541 998 3614 prima
1019 3540 1177 3615 particulae
1198 3542 1244 3601 ris
1265 3544 1298 3600 in
1322 3543 1360 3600 iis

318 3621 408 3698 locis,
435 3621 484 3679 ubi
512 3623 599 3682 etiam
620 3622 707 3698 volgo
730 3623 953 3698 explicationem
974 3625 1084 3684 inferre
1105 3625 1226 3698 dicitur,
1254 3626 1360 3698 quibus

317 3710 351 3768 ln
371 3706 444 3767 loois
468 3716 565 3764 nostra
586 3707 688 3782 lingua
702 3707 874 3782 plerumque
889 3729 944 3782 per
956 3709 1127 3784 particulam
1139 3708 1261 3774 oiusiiols
1272 3707 1359 3769 heddi

317 3786 424 3866 po'test.
466 3787 504 3849 lu
523 3788 571 3865 his
595 3794 673 3852 esim
694 3791 764 3852 locis
785 3793 822 3851 sd
842 3795 967 3867 primam
981 3789 1234 3872 particularumyd
1247 3799 1276 3850 et
1291 3779 1358 3870 ἆρα

317 3877 379 3934 rina
407 3895 440 3934 ac
469 3883 644 3950 potestatem
672 3877 882 3953 agnoscendam
909 3881 995 3953 quasi
1017 3899 1105 3938 mauu
1129 3877 1269 3936 ducimur.
1312 3873 1374 3936 lta-

317 3955 520 4042 poniturysip
539 3962 575 4022 in
598 3963 661 4022 eius
684 3960 764 4026 modi
784 3961 865 4040 loeis,
890 3963 984 4040 qualis
1006 3971 1051 4024 eet
1068 3961 1121 4024 ille
1143 3958 1297 4041 Sophoclis
1317 3979 1358 4024 ex

321 4039 455 4104 Μῦν.
476 4045 508 4102 τὲ
529 4044 591 4104 475
613 4063 679 4124 sqq.
