2994 4592
290 138 357 208 ses
782 130 843 200 de.

381 211 394 238 ,
721 215 726 224 .

291 307 412 388 pluentis
432 307 564 370 cretione
584 307 619 366 de
639 307 722 368 ccede
742 303 865 368 Heredis
888 308 919 378 ί.
942 309 993 366 10.
1016 303 1064 366 ed.
1084 299 1186 366 Bell.
1207 327 1239 381 p.
1260 313 1332 368 1³1.

292 395 339 456 ed.
360 391 401 453 Η.
423 391 547 470 Steplr.,
574 393 626 452 ubi
651 391 721 451 libri
743 390 861 466 quidem
882 409 983 450 omnes
1004 387 1162 450 exhibent:
1193 380 1276 453 &icis
1297 383 1330 454 δ’

293 469 335 542 dv
366 469 521 556 ἀξιώσεις
550 496 593 553 με
625 465 822 544 ἀποκτεῖναι
853 465 899 549 ὡς
927 473 989 536 τοῦ
1047 465 1125 536 όνοιι
1152 468 1213 558 τήν
1240 468 1335 558 δίκην

294 551 491 644 ὠφληκότα,
523 559 573 620 vel
601 579 642 619 ex
668 561 834 619 coniectore
860 554 946 618 lmus.
977 554 1024 616 Be
1068 577 1135 616 crus
1164 559 1335 618 rectissume

294 645 423 719 scripsit:
449 635 531 706 ilde
552 633 583 705 δ’
608 631 650 706 αὖ
672 633 827 719 ἆξιώσεις
848 634 915 704 xci.
957 638 1064 716 Neque
1082 640 1168 700 credo
1186 644 1335 700 nunciam

293 727 372 790 uolet
393 726 648 787 Winkelmenuus
671 746 755 788 meus
779 729 813 784 in
838 723 971 784 Pletouis
998 725 1171 798 Eutlrydcmo
1190 722 1271 784 l’ert.
1292 724 1335 784 ll.

184 861 189 866 .
293 812 354 872 sol.
374 809 399 872 l.
420 833 452 886 p.
473 815 545 872 400.
567 810 612 870 ed.
631 807 730 870 Beki.
753 831 784 884 p.
798 807 920 870 ursii.
941 807 987 868 cd.
1006 806 1049 868 ii.
1068 805 1172 885 Steph.
1192 811 1336 870 scriberes

291 887 401 976 Ὑμεῖς
422 887 498 978 ἷίρα,
518 883 560 998 ήν
581 885 614 956 d’
631 887 704 976 ἐγώ,
727 880 756 955 ui
775 886 1027 976 Διονυσόδωρε,
1040 892 1106 954 τῶν
1125 892 1181 956 νῦν
1203 883 1338 992 ἇρθριή·

295 999 370 1042 πων
394 972 531 1042 redditos
568 970 609 1040 ίίν
629 972 840 1062 προτρέψετε
861 968 910 1050 εἷς
926 969 1132 1060 φιλοσοφίαν
1145 969 1202 1038 καί
1215 995 1338 1060 ορετης

296 1057 509 1138 interdimus,-
538 1081 591 1135 pru
621 1081 674 1136 eo,
704 1059 783 1134 quod
808 1055 968 1120 Bekkerus
995 1060 1112 1136 scripsit
1138 1079 1179 1118 ex
1206 1061 1337 1134 quinque

294 1145 380 1204 libris
400 1139 638 1229 προτρέψαιτε,
660 1164 718 1218 qno
738 1145 825 1202 etium
846 1141 951 1201 ducunt
968 1152 1105 1218 questum
1123 1142 1169 1201 illi
1182 1141 1261 1218 libri,
1284 1145 1338 1218 qui

295 1227 406 1288 lrulrent
434 1223 666 1310 προτρέψητε,
696 1227 775 1302 quod
800 1235 921 1302 propter
940 1226 1051 1287 selsam»
1068 1229 1339 1303 pronuntiationem

296 1318 394 1371 crtum
415 1310 530 1371 ridetur
550 1330 589 1370 ex
610 1307 854 1394 προτρέψαιτε,
885 1309 962 1370 uude
982 1311 1071 1370 fluxit
1092 1313 1195 1388 etiem,
1220 1319 1254 1370 ut
1272 1313 1337 1386 opi·

297 1416 371 1473 nor,
396 1393 476 1470 quod
499 1401 545 1455 est
571 1396 604 1454 iu
628 1393 752 1470 reliquis
773 1403 909 1470 quattuor
932 1393 1017 1455 lilrrie
1037 1391 1173 1454 Belleri
1194 1389 1339 1478 προτρέ-

296 1487 392 1564 ψετε.
433 1476 533 1538 Etieru
550 1479 582 1538 in
599 1475 734 1538 lsecretis
746 1483 924 1554 Trupszitico
937 1482 965 1551 §.
981 1480 1031 1537 58.
1047 1478 1092 1538 ed.
1106 1475 1207 1538 Beki.
1220 1499 1250 1552 p.
1264 1483 1338 1538 370.

298 1561 345 1624 ed.
366 1559 408 1622 Η.
433 1559 536 1638 Steplr.
555 1564 724 1623 rectissume
744 1561 836 1622 edidit
860 1559 944 1620 Imm.
967 1559 1145 1623 Bellerusr
1164 1550 1259 1624 Ὥστ’
1277 1551 1339 1624 οὖν

297 1641 339 1710 ἂν
366 1639 504 1722 εἰκότως
532 1642 613 1731 περί
641 1637 755 1728 ὀλίγου
784 1639 993 1730 ποιήσαισθε
1022 1641 1082 1720 τὰς
1108 1639 1241 1709 ἐκείνων
1263 1637 1340 1708 ἐπί-

299 1721 450 1806 ercide,
468 1751 522 1805 pro
545 1749 595 1806 ec,
619 1729 698 1805 qnod
717 1731 787 1789 libri
804 1727 929 1789 habeut:
953 1722 1151 1814 ποιήσεσθε.
1193 1725 1272 1789 Nem
1291 1727 1340 1788 iu·

299 1823 397 1872 turum
420 1813 502 1872 nulle
530 1813 616 1872 ruodo
641 1813 740 1872 locum
761 1811 870 1878 habere
894 1815 1002 1889 poterit
1027 1821 1057 1872 et
1076 1813 1339 1872 innumerabilibus

299 1897 371 1957 locis
401 1893 458 1955 lree
487 1897 600 1957 formes
625 1898 710 1957 verbi
740 1898 817 1956 inter
844 1915 878 1959 se
905 1905 1096 1957 commutetee
1122 1904 1199 1957 sunt.
1248 1894 1338 1956 Alios

298 1980 381 2041 lecos
397 1987 451 2058 ¹aut
471 1979 642 2056 eiusmodi,
661 1988 694 2039 ut
715 1981 805 2040 iniis
825 1979 906 2040 nulle
927 2001 1005 2056 pene
1023 1981 1164 2042 librorum
1185 1981 1340 2058 auctoritas

301 2063 342 2128 ἂν
369 2071 398 2124 et
424 2065 554 2126 luterum
577 2063 752 2140 defendunt,
781 2072 830 2123 eut
851 2067 938 2125 etiarn
960 2065 1138 2125 deteriorum
1157 2067 1349 2140 scriptorum,

300 2149 354 2225 qui
373 2150 434 2208 iam
453 2169 513 2208 non
533 2157 655 2224 possunt
676 2168 739 2208 esse
758 2147 931 2208 Graecitatis
953 2157 1093 2224 auctores,
1112 2147 1161 2208 lric
1181 2167 1240 2208 uun
1257 2149 1340 2208 iuret

300 2232 466 2308 explicere,
493 2253 669 2310 quemquem
694 2253 732 2294 rre
754 2230 900 2309 Gregorio
921 2232 1039 2308 quidem
1059 2229 1213 2292 Corinthio
1234 2253 1265 2308 p.
1286 2232 1339 2291 07.

301 2315 349 2376 ed.
372 2313 489 2376 scinci.
519 2317 745 2392 relinquendum
771 2336 890 2393 censeo,
918 2317 997 2392 quod
1026 2317 1069 2376 ibi
1096 2316 1248 2393 vulgeturr
1284 2307 1341 2377 uni

300 2393 391 2474 ὅλως
420 2393 525 2483 μυρίοι
556 2393 709 2485 εὑρήσεις
739 2399 778 2464 ἂν
807 2399 871 2464 τῶν
900 2395 1083 2482 λεγομένοιν
1108 2394 1151 2463 τὰ
1176 2389 1341 2483 παραδεί-

300 2501 429 2628 ήριατα,
456 2477 513 2548 καί
540 2475 624 2568 παρ’
645 2475 787 2568 Ὁμήρῳ,
807 2479 865 2546 καί
892 2483 979 2548 πᾶσι
1007 2484 1080 2581 scip
1107 2473 1339 2562 Ἀττικισταῖς.

331 2583 380 2624 em
411 2586 500 2641 quoru
527 2567 570 2627 ilsi
600 2564 671 2628 God.
692 2566 774 2644 Aug.
800 2566 923 2628 lrebeatr
962 2561 1019 2630 sui
1046 2555 1134 2630 iiia
1161 2559 1273 2650 εὕροις
1300 2560 1341 2628 ἂν

300 2641 406 2733 μυρίοι
425 2651 492 2714 τῶν
512 2646 694 2732 λεγομένων
714 2646 980 2737 παραδείγματα.
1025 2647 1099 2712 cod
1117 2652 1148 2710 b.
1176 2645 1233 2713 καί
1255 2642 1343 2724 ὅλως

300 2725 405 2834 μυρία
427 2729 466 2796 ἂν
487 2733 553 2797 τῶν
567 2731 749 2817 λεγομένων
764 2727 917 2819 εὑρήσεις
930 2727 1194 2876 παραδείήματα.
1230 2729 1304 2792 οοι1.
1316 2753 1343 2791 c.

302 2833 359 2912 ιιρι
373 2806 522 2914 'cimicis'¹
535 2809 643 2880 εἰπεῖν
667 2811 771 2902 μυρία
801 2810 954 2900 εὑρήσεις
973 2813 1044 2918 ἂν(
1083 2816 1141 2917 ὀᾶ.
1162 2813 1212 2917 A,
1237 2808 1342 2898 μυρία
1461 2897 1464 2903 Ι

301 2915 462 3058 :iiiiii
475 2893 1344 3063 iliiriaeiei⁰issgft⁹tiiffiiiiiiiii-3⁰32

301 3059 413 3122 duebue
448 3063 603 3126 oonfletem
624 3086 706 3142 esso,
739 3075 773 3126 ut
796 3078 847 3128 eut
871 3069 1057 3132 scribendum
1083 3071 1122 3128 sit
1152 3061 1266 3150 εὕροις
1293 3060 1343 3139 ἂν,

189 3145 194 3154 '
302 3153 352 3206 eut
374 3139 536 3232 εὑρήσεις,
557 3153 666 3214 omissa
688 3151 727 3215 ἂν
747 3152 899 3228 particule.
1164 3209 1169 3216 .

385 3227 443 3290 His
473 3233 626 3310 explicatis
654 3234 740 3295 credo
767 3243 886 3310 apparet
909 3239 963 3296 vix
986 3255 1109 3311 nequem
1131 3233 1224 3294 ullum
1246 3231 1344 3292 locum

302 3310 449 3387 relinqui,
478 3337 537 3390 quo
562 3318 698 3380 doceatur·
725 3319 896 3394 particulam
924 3315 963 3382 ἂν
983 3340 1050 3380 cem
1071 3319 1230 3380 indicativo
1251 3316 1344 3378 futuri

302 3403 494 3456 constructum
516 3419 588 3460 esse.
630 3401 700 3480 Qua
722 3423 755 3462 re
777 3405 804 3462 si
825 3407 892 3478 quis
913 3425 1056 3466 summum
1073 3413 1194 3464 nostrae
1216 3400 1344 3476 dispute-

222 3541 226 3552 ,
302 3479 391 3538 tionis
416 3490 554 3559 quaerat,
574 3479 631 3542 lroc
648 3483 762 3546 ridetur
781 3485 855 3548 milri
876 3487 1072 3562 profitendum
1096 3507 1169 3548 esse.
1211 3481 1344 3544 Primum

301 3561 474 3639 perticulam
499 3561 539 3628 ἂν
559 3586 709 3642 uunquam
730 3589 795 3629 curn
815 3570 972 3632 indicativo
994 3571 1088 3630 futuri
1110 3571 1250 3645 temporis
1274 3587 1344 3628 cou-

302 3653 438 3706 structenr
466 3667 540 3710 esse.
591 3647 694 3712 Talem
725 3657 804 3714 enirn
830 3655 941 3730 locum,
974 3655 1092 3730 qeeleru
1114 3653 1264 3722 Lucienus
1292 3671 1346 3727 pe-

303 3732 364 3792 suit
387 3732 422 3791 in
443 3734 680 3813 Peerdeeoplristc
702 3757 766 3814 cup.
788 3745 838 3816 2.,
865 3748 899 3799 ut
920 3738 958 3797 de
977 3739 1122 3802 industrie
1143 3737 1347 3822 soloecismum

304 3817 513 3878 committeret:
552 3811 682 3904 συνήσιο
708 3811 765 3895 dr,
800 3823 1020 3900 soloecismum,
1056 3833 1103 3884 ut-
1117 3831 1179 3899 est,
1207 3840 1273 3886 esse
1299 3821 1346 3879 iu·

304 3897 378 3958 dico.
421 3897 498 3960 Nem
524 3922 579 3988 eo,
604 3903 681 3978 quod
708 3906 849 3979 particule
862 3897 928 3984 dv,
957 3917 988 3966 ut
1014 3915 1060 3970 est
1082 3907 1239 3981 collocete,
1264 3901 1346 3964 eliud

303 3983 425 4042 rusum
445 3986 503 4046 uisi
523 3985 653 4048 fusurum
674 3998 885 4064 specietenus
904 3999 1017 4068 potest,
1043 3991 1174 4068 aliquid,
1196 3987 1275 4066 quod
1295 3985 1346 4047 ds·
