2968 4570
531 183 632 260 icoc,
667 182 788 262 νέως.
1069 163 1180 256 3509

139 352 321 434 μαστιγοῦν
341 348 399 414 τὸν
416 344 597 416 ἐκδοθέντα
621 347 675 414 soi
696 351 886 436 στρεβλοῦν,
908 347 970 430 ἕως
989 349 1028 419 iis
1043 348 1177 440 τάληθῆ

143 430 269 511 δόξειεν
291 425 407 508 αὐτοῖς
424 429 530 513 λέγειν
553 427 617 496 xci.
661 433 737 496 Nom
759 435 794 496 de
816 434 1028 512 Xenophontis
1051 441 1114 500 loco
1136 463 1177 500 ex

143 520 301 594 Disciplina
335 521 401 590 c'prt
432 517 482 576 lib.
510 514 568 594 IY.
596 522 665 592 'cop
701 523 730 578 5.
763 523 791 591 ς.
820 523 888 594 36.,
922 521 1001 594 quod
1026 543 1103 581 nuuc
1130 535 1176 584 est

142 623 159 660 e
187 603 269 660 libris
299 603 456 675 scripturn:
497 594 584 673 Τοὺς
614 599 651 664 δὲ
677 601 804 676 ἷῖτντοος
824 599 975 668 ἐκέλευσε
996 600 1175 688 φυλάττειν

32 684 39 701 ’
140 683 299 764 μένοντας
325 681 403 757 τοὺς
435 673 633 761 ἀγαγόντας.
657 681 719 758 i'roc
747 675 787 746 ito
815 705 866 760 τις
894 680 1024 770 σημάνῃ
1049 679 1174 763 αὐτοῖς,

26 769 28 788 '
141 770 237 840 potest
268 767 414 840 dubitari,
446 785 620 840 qrramqnsm
651 767 745 840 illud,
778 767 857 841 ‹pnod
886 769 974 844 volgo
1006 773 1172 846 legebatur:

141 847 204 924 ἕως
225 840 265 910 c'r'r
285 871 335 924 reg
356 843 542 932 σομανθειή
561 839 689 924 αὐτοῖς,
710 862 829 926 propter
846 855 1005 912 orationem
1026 855 1173 927 obliquum

139 945 215 992 recte
240 933 332 990 locutor
355 933 397 990 ibi
417 929 525 988 habere
546 942 688 1006 potuerat.
731 931 790 994 Sed
812 933 860 993 lue
882 957 949 994 usus
970 939 1039 996 sotis
1063 941 1175 998 ratione·

140 1026 228 1089 etque
249 1017 383 1088 analogia
403 1016 525 1072 eliorum
547 1013 676 1072 locorum
697 1017 878 1092 defenditur,
901 1017 936 1078 de
958 1022 1064 1092 quibus
1089 1024 1174 1079 rebus

140 1101 272 1158 conferas
304 1100 390 1155 velim
409 1093 459 1174 ¹G.
486 1095 689 1156 Herorannum
722 1105 764 1159 Do
792 1101 933 1178 porticulo
960 1124 1006 1164 αν
1037 1103 1089 1162 lib.
1116 1101 1171 1163 ΙΙΙ.

140 1201 203 1258 cap.
226 1187 255 1242 4.
278 1202 307 1255 p.
332 1186 390 1238 147
411 1201 476 1254 sqq.

222 1263 293 1322 Alie
319 1265 391 1321 ratio
418 1273 463 1322 est
491 1261 608 1322 illorum
633 1261 779 1339 locorum,
806 1265 837 1324 in
861 1265 965 1340 quibus
988 1267 1025 1327 od
1048 1263 1112 1342 ἕως
1131 1269 1173 1326 its

138 1347 272 1405 ediicitur
297 1337 337 1408 iv
365 1367 430 1404 cum
456 1347 603 1421 optativo,
635 1358 667 1405 ut
695 1351 788 1406 oratio
816 1367 887 1408 uere
912 1349 1031 1426 oblique
1054 1351 1171 1424 quidem

139 1451 198 1508 uon
231 1432 284 1504 sit,
316 1429 366 1486 sed
397 1429 521 1504 quadum
549 1433 767 1488 constructionis
795 1429 969 1490 odtraetioue
996 1445 1092 1492 tannen
1119 1435 1170 1492 ills
1274 1477 1277 1484 -

138 1516 203 1588 ipsa
229 1513 401 1572 constructio
422 1523 561 1588 ponetur,
589 1513 680 1570 veluti
711 1515 741 1570 iu
771 1511 900 1574 Platonis
921 1517 1069 1574 Hirrcrlouc
1092 1514 1169 1578 Part.

138 1595 176 1654 ll.
206 1595 265 1654 vol.
292 1593 346 1654 lll.
375 1617 403 1669 p.
428 1599 478 1655 9-1.
508 1593 553 1652 ed.
575 1593 675 1653 Belrk.
704 1617 734 1670 p.
760 1603 829 1655 101.
852 1594 893 1654 D.
923 1597 967 1656 ed.
997 1597 1038 1656 H.
1062 1597 1184 1673 stepo.'

138 1671 180 1739 Et
201 1675 238 1741 dri
257 1699 308 1752 τις
330 1661 432 1760 αὐτῆς
450 1677 509 1759 τῆς
529 1668 724 1752 ὑποθέσεως
745 1670 862 1756 iporoo,
882 1675 1010 1758 χαίρειν
1029 1669 1112 1764 ν’ῴος
1129 1673 1170 1744 lis

138 1756 194 1823 καὶ
216 1751 276 1823 oiur
296 1751 512 1842 ἀποκρίναιο,
535 1753 598 1833 ἕως
622 1752 662 1820 iis
684 1751 747 1822 ἀπ’
771 1755 896 1844 ἐκείνης
916 1761 957 1824 τὰ
977 1755 1169 1845 ὁρμηθέντα

137 1840 297 1923 σκέψαιο,
325 1835 360 1904 ei'
377 1861 432 1905 σοι
454 1833 611 1922 ἀλλήλοις
631 1837 800 1926 ξινμοιονεῖ
822 1835 842 1926 ἢ
864 1841 1042 1924 διαφανεῖς
1063 1848 1169 1919 utribus
1270 1889 1272 1896 a

136 1927 173 1985 de
199 1927 271 1984 locis
296 1923 364 1984 vide
391 1945 466 1998 quac
488 1924 646 1998 prudenter
671 1925 829 1996 disputarit
855 1923 888 1984 C.
909 1925 944 1984 E.
969 1926 1024 1986 cb.
1046 1925 1168 1988 Schnei-

136 2010 222 2070 derus
246 2009 282 2067 ed
309 2007 439 2068 Plutonis
462 2009 607 2066 Ciuitutcur
629 2007 686 2065 rol.
707 2007 745 2067 ll.
768 2031 797 2083 p.
819 2013 891 2068 205.

218 2091 373 2152 Ditticiticr
398 2095 484 2148 etiam
505 2091 556 2148 illa
580 2094 710 2164 quaestio
735 2104 779 2149 est
800 2097 928 2167 possitue
950 2091 1051 2150 eodem
1073 2093 1168 2166 inodo,
1204 2085 1273 2148 'auf
1290 2085 1326 2140 ἂν

136 2197 194 2250 quo
221 2177 250 2234 id
279 2177 382 2234 luiturus
413 2176 508 2232 estin
531 2167 603 2243 ido,
631 2168 727 2246 ὅταν,
757 2166 827 2234 ἔνι’
854 2165 893 2234 iic
919 2176 1083 2248 particulis,
1113 2175 1168 2234 dici
1199 2173 1256 2240 ΡΨ
1277 2173 1332 2236 Ψ·

135 2263 222 2318 etism
251 2255 312 2331 ἕως
334 2250 651 2330 ducentesimum,
680 2254 818 2332 utillud,
846 2257 921 2332 quod
943 2259 1044 2315 incerti
1061 2278 1094 2316 ac
1111 2259 1168 2316 lor·
1198 2228 1335 2342 ’32ᾝο

137 2345 202 2400 tuiti
223 2339 334 2398 adserat
356 2331 394 2400 liv
416 2340 569 2414 particula,
593 2343 709 2414 pertitus
732 2341 920 2398 obsorbeetur
937 2341 1062 2413 quodam
1082 2343 1168 2400 modo
1245 2372 1294 2412 ω,

136 2428 166 2484 iu
192 2425 313 2482 relativa
332 2423 643 2497 notione-particulae,
666 2433 712 2496 ut,
737 2423 785 2481 ubi
806 2422 843 2480 ad
867 2425 987 2481 verbum
1008 2427 1169 2500 veniamus,

134 2531 192 2568 uoti
214 2511 273 2567 iam
294 2510 452 2584 cogitemus
476 2507 511 2563 de
533 2505 651 2562 fortuita
671 2525 786 2578 caussa,
810 2505 860 2563 sed
881 2516 988 2563 certam
1009 2529 1070 2566 rem
1091 2507 1168 2565 dico·

135 2613 215 2666 rous,
249 2613 305 2666 qua
336 2591 372 2650 de
400 2611 431 2650 re
462 2591 515 2647 etsi
544 2587 661 2646 dillicilo
690 2598 734 2646 est
754 2588 924 2662 adfirmare,
956 2590 1032 2662 quod
1055 2594 1188 2665 etipse.

136 2687 239 2733 ustura
270 2696 322 2734 sus
351 2675 433 2748 {rauci
456 2675 518 2730 eius
542 2671 622 2748 modi
644 2671 853 2745 lociiuveuiri
876 2682 996 2744 possunt
1018 2683 1046 2729 et
1069 2675 1093 2730 si
1116 2675 1168 2745 qui

135 2759 192 2818 loci
213 2762 415 2830 inveniuntur,
446 2759 467 2814 ii
488 2753 556 2814 iude
576 2757 611 2813 ub
632 2756 796 2828 antiquiore
815 2764 907 2832 aetate
925 2755 986 2812 lere
1006 2775 1022 2812 o
1041 2754 1168 2814 librariis

136 2857 169 2900 a'c
190 2842 382 2916 grarrrmsticis
406 2842 505 2897 urutoti
529 2849 612 2914 sum,
635 2847 736 2912 temen,
754 2859 812 2896 uon
835 2837 1049 2912 denegaverint.
1091 2837 1167 2898 Nutu

134 2937 163 2982 et
185 2925 316 2998 reliquus
339 2944 407 2982 usus
432 2942 546 2996 carnus,
568 2925 603 2982 de
624 2925 729 2998 quibus
750 2923 989 2996 commemoraui,
1014 2922 1168 2996 particula-

134 3029 197 3066 rum
225 3029 292 3068 rem¹
310 3007 379 3066 facit
404 3005 658 3063 verisimiliorem
688 3019 715 3064 et
747 3007 825 3080 quod
850 3007 1025 3080 posteriores
1048 3008 1168 3078 scripto·

85 3112 88 3121 ·
134 3112 183 3148 res
212 3111 301 3164 saepe
326 3091 367 3148 ita
388 3088 474 3144 locuti
496 3097 573 3150 suut.
603 3108 637 3144 eo
659 3089 693 3146 lit
714 3089 863 3161 probabile
885 3088 1028 3146 veteribus
1051 3092 1168 3162 uiridem
1232 3119 1237 3134 v

134 3174 322 3245 scriptoribus
358 3171 436 3230 biioc
469 3169 582 3227 dicendi
618 3190 727 3228 rnorem
757 3191 817 3227 non
849 3191 967 3244 prorsus
999 3172 1167 3230 inusitatum

103 3291 109 3302 ι
135 3255 236 3326 foisse,
259 3264 289 3311 ut
310 3257 333 3312 si
355 3252 468 3327 (potando
490 3253 654 3310 iuveuiutur
672 3252 746 3326 opud
766 3251 899 3308 meliores
919 3263 1004 3324 acuite
1021 3255 1166 3328 antiquio-

135 3357 183 3394 res
202 3339 358 3409 scriptores
375 3337 425 3392 ills
446 3337 632 3404 constructio,
652 3333 822 3408 notandam,
840 3355 900 3392 noo
920 3335 1085 3410 mutandam
1105 3359 1166 3398 essu

135 3421 334 3492 existumem,
372 3419 461 3476 veluti
501 3420 527 3476 s'i
559 3415 634 3492 opud
665 3416 845 3494 Dionysium
879 3417 1165 3484 llalicarnossensem

134 3503 231 3578 Aulio.
258 3505 341 3559 Reor.
372 3521 402 3575 p.
436 3504 530 3575 1194,
563 3504 591 3558 5.
621 3501 743 3577 legitur:
777 3489 909 3566 ’Euticu
931 3503 972 3583 τῇ
1003 3497 1165 3566 Μενινίοο

132 3585 280 3666 χρῆσθαι
310 3579 439 3667 γνώμῃ,
469 3580 532 3658 ἕως
553 3575 594 3645 tto
615 3586 762 3668 καθῆκεν
783 3577 801 3646 ὁ
825 3576 923 3664 λόγος
944 3581 992 3657 sic
1012 3581 1068 3644 τὸν
1079 3575 1167 3644 ’Ἁπ-

135 3687 223 3729 πνον.
266 3662 348 3725 Vide
372 3686 447 3738 quae
469 3685 556 3742 supra
580 3689 609 3741 p.
630 3672 691 3726 468
713 3686 780 3742 squ.
805 3669 837 3724 in
857 3667 998 3739 particuls'
1020 3663 1075 3728 dciv
1098 3669 1167 3723 scri-

135 3753 245 3824 psimus
268 3759 295 3808 et
318 3771 347 3824 p.
371 3751 432 3808 558
446 3771 493 3824 sq.
515 3753 546 3807 iu
564 3745 636 3812 i'ute
650 3751 800 3826 particula.
832 3749 881 3808 De
898 3750 1055 3807 serioribus
1071 3761 1168 3806 sutem
1219 3787 1223 3796 ·

135 3837 321 3908 scriptoribus
342 3841 410 3890 note
433 3853 480 3890 res
504 3843 556 3888 est.
1295 3885 1301 3892 s

216 3917 355 3992 Denique
383 3926 413 3972 ut
446 3907 535 3986 ilict,
564 3915 605 3971 sic
630 3916 716 3990 etiarn
743 3907 804 3984 i'ruc
827 3912 996 3986 particulam
1021 3933 1083 3970 raro
1106 3917 1169 3986 uui·
1193 3923 1267 3985 Ἕως
1285 3945 1339 3978 num

134 4000 198 4058 deur
226 4011 255 4060 ct
282 4000 359 4077 aprrrd
390 4001 566 4074 posteriores
588 3997 650 4056 sero
671 3998 822 4070 scriptores
843 3997 976 4068 sequitur
996 3997 1170 4072 iuliuitirus,
1202 3996 1335 4047 infinitivo.
1417 3995 1421 4002 '
