2974 4588
543 238 669 322 arto.
1086 251 1130 320 33

84 427 193 497 mear,
214 425 278 480 erat
294 417 474 480 indicatura:
499 413 676 480 nibil-enirn
697 439 736 480 ue
755 421 788 481 in
805 420 909 498 pupuli
928 420 1130 498 quidem‘rer·
1225 421 1231 430 '

84 525 171 564 mone
194 505 355 582 quidquem
375 504 440 564 sinc
460 523 561 562 caussa
582 503 722 579 nmquam
742 506 852 566 factum
872 515 932 568 est:
957 511 1130 568 tumetium

85 587 141 648 lroc
167 610 229 648 uon
256 588 428 664 ostendunt,
455 589 507 663 qui
528 587 593 646 lieri
613 591 757 664 potnerit,
786 600 817 649 ut
840 594 952 650 intans
975 601 1042 667 apte
1060 612 1130 652 con·

86 675 192 733 iunctis
215 675 314 732 uerbis
334 672 446 748 duplex
457 679 626 732 nasceretur
639 677 823 749 constructio,
847 675 924 749 quod
940 684 1001 735 tum
1014 677 1131 738 demum

86 757 244 833 probabile
274 765 368 831 earet,
399 759 426 818 ai
457 765 525 830 post
552 759 683 832 priorem
713 760 886 832 particulam
910 761 1008 834 aliqua
1041 762 1132 822 uerba

87 843 244 900 interiecta
264 845 363 900 'essem
389 843 481 902 etsie
504 839 620 900 demum
641 851 814 919 pergeretur
837 843 873 902 ud
893 843 1025 904 alteram.
1069 843 1132 925 Qui

90 934 190 986 autern
210 927 306 984 statuit
327 945 393 986 esne
412 926 540 1000 primum
561 915 645 988 ἀλλὰ
666 946 718 1001 per
738 945 773 987 re
793 928 1002 1004 accipiendum,
1023 928 1131 990 deiude

89 1009 261 1087 particulam
290 999 311 1094 ἢ
337 1029 390 1084 per
410 1008 556 1085 quandum
577 1010 695 1086 ellipsin
717 1011 934 1087 explicandum,
961 1015 990 1072 is
1012 1013 1132 1088 quidem

88 1095 120 1155 id
141 1095 258 1168 statuit,
281 1093 360 1168 quod
381 1113 435 1169 per
448 1113 491 1156 ,ee
512 1095 646 1170 ineptum
666 1115 726 1154 nou
748 1104 803 1171 est,
826 1095 879 1157 sed
900 1107 997 1155 tamen
1017 1097 1133 1172 aliquid
1221 1163 1224 1171 ¹

89 1180 189 1254 ponit,
218 1178 297 1252 quod
325 1177 520 1238 nullomodo
540 1177 660 1238 concedi
680 1186 784 1253 potest.
827 1177 906 1240 Nam
927 1199 1014 1240 nenio
1033 1183 1066 1240 in
1086 1180 1133 1242 bis

90 1263 160 1322 locis
187 1263 295 1336 poterit
316 1261 465 1334 diuinare,
493 1259 580 1336 quale
598 1261 671 1322 illud
690 1265 852 1323 membrum
873 1267 1014 1326 orationis
1033 1266 1134 1340 fuerit,

63 1391 70 1404 ,
92 1343 172 1421 quod
195 1347 334 1406 omissum
356 1365 419 1405 esse
439 1344 568 1422 dicatur,
595 1345 687 1421 idque
710 1368 746 1407 eo
770 1349 867 1408 miuus
887 1349 1005 1424 probari
1025 1359 1134 1425 potest,

93 1428 172 1506 quod
198 1429 341 1506 particula
370 1421 391 1514 ἢ
418 1449 579 1504 numquam
602 1430 674 1490 stiur
695 1432 785 1492 simili
807 1433 906 1509 ellipsi
926 1424 1056 1493 adbibita
1076 1444 1134 1512 ent,

92 1515 399 1672 t‘ttttltltti
412 1513 1032 1676 'infinibilitltltttfftlit:
1047 1537 1135 1662 tut

94 1681 262 1826 :ixpnmll
286 1683 509 1824 rationemrpep·
534 1701 566 1740 so
596 1682 691 1742 lucum
719 1681 846 1824 bulbeno
879 1682 968 1764 Quod
995 1687 1021 1827 :ll
1048 1684 1134 1828 dpoe-

93 1784 683 1926 prbllldbilenlmdlbelxbdroddrolddlnilld:
697 1784 890 1912 elibdrmlodies‘
901 1785 1135 1916 nlltenurddibbll

92 1953 192 2012 posse,
206 1934 283 2008 ‚quis
304 1932 419 1994 tandem
442 1932 583 1993 dubitabit
603 1954 678 2010 quse
697 1934 889 2009 ingredienda
907 1938 958 1996 riu
978 1939 1037 1996 siti
1079 1937 1137 1996 Et·
1184 2013 1185 2016 Ἴ

93 2021 174 2078 enirn
201 2019 227 2075 si
253 2015 309 2076 boc
337 2015 537 2076 contendimus
564 2037 629 2078 esse
654 2017 708 2079 lrss
736 2019 894 2094 particulas
917 2012 986 2082 ἀλλ’
1012 2013 1032 2108 ἢ
1058 2021 1137 2082 nibil

93 2099 175 2161 eliud
191 2101 250 2160 nisi
270 2089 353 2163 dito
375 2090 406 2186 ἤ,
424 2099 553 2176 primum
572 2102 654 2172 nullu
673 2103 812 2164 dubitatio
832 2105 938 2178 poterit
952 2101 1026 2180 lesse,
1047 2126 1137 2180 quem

93 2185 131 2246 ad
152 2184 271 2244 modum
288 2183 362 2244 bueo
382 2193 443 2244 tota
461 2189 634 2246 constructio
656 2195 724 2246 nata
746 2189 794 2247 sit.
836 2185 917 2248 Satis
936 2191 1015 2248 enirn
1029 2193 1138 2250 usitate

92 2268 167 2330 lunen
184 2270 341 2330 verborum
362 2271 532 2345 compositio
553 2280 596 2330 est
615 2259 716 2346 ditior
728 2259 760 2355 ἤ.
800 2268 920 2331 Deinde
934 2273 1022 2332 etium
1033 2291 1137 2336 omnen

94 2355 167 2428 loci,
193 2354 226 2412 in
256 2355 361 2428 quibus
385 2351 442 2413 bue
470 2353 629 2428 particulae
655 2353 814 2430 habentur,
844 2363 980 2433 possunt,
1010 2359 1053 2418 nti
1076 2360 1137 2418 iam

95 2437 202 2496 dictum
232 2445 293 2512 est,
324 2436 381 2498 buc
411 2438 498 2496 modo
524 2439 672 2498 facillume
699 2438 852 2514 explicari.
899 2438 960 2500 lies
990 2443 1138 2518 exemplis

94 2521 215 2598 planior
232 2521 287 2580 erit
308 2529 337 2581 et
356 2541 510 2596 possumus
528 2542 545 2580 a
563 2522 741 2583 facilioribus
756 2521 969 2584 sddifficllioru
982 2527 1137 2600 proficisci.

178 2601 257 2666 flam
286 2605 364 2681 quod
389 2603 474 2664 Pluto
502 2607 533 2664 iu
561 2606 637 2664 libro
663 2607 698 2664 de
723 2627 755 2666 re
781 2607 894 2692 publico
919 2606 944 2667 l.
976 2607 1054 2668 l’art.
1080 2609 1137 2668 lll.

95 2687 155 2750 vol.
177 2687 200 2748 l.
228 2709 259 2764 p.
281 2693 312 2764 9,
337 2690 385 2748 15.
406 2689 452 2749 ed.
476 2687 577 2748 Bell.
599 2711 630 2764 p.
654 2695 728 2752 230.
749 2690 795 2748 ed.
816 2685 858 2748 Η.
879 2687 985 2765 Steplr.
1005 2695 1139 2766 scriptitr

97 2765 254 2836 Xotsuol
286 2761 344 2836 οὖν
375 2769 431 2835 καὶ
463 2768 682 2854 συγγενέσθαι
709 2763 811 2847 εἰσίν,
842 2763 937 2838 οὐδὲν
966 2768 1140 2852 ἐθέλενεες

95 2851 247 2920 ἐπαινεῖν
266 2845 336 2918 ἀλλ’
360 2845 381 2938 ἢ
402 2852 459 2920 τὸν
480 2854 646 2929 πλοῦτον,
669 2854 701 2914 id
721 2858 748 2918 si
771 2857 897 2932 primum
917 2860 1140 2922 constructionis

96 2940 245 3016 originem
274 2944 458 3015 quaerimus,
486 2940 633 2999 facillume
658 2942 698 3000 sic
722 2941 864 3016 solvitur,
892 2951 924 3000 ut
948 2933 1018 3006 ἀλλ’
1041 2933 1062 3028 ἢ
1083 2965 1139 3020 pru

97 3011 197 3097 ir'llo,
230 3015 251 3106 ἢ
277 3025 400 3098 accipias
431 3026 530 3100 itaquo
557 3033 668 3084 uertasr
702 3043 786 3104 quous
811 3026 885 3084 uilril
909 3028 997 3087 uelint
1020 3028 1140 3090 lundors

97 3107 178 3180 uliud
204 3125 290 3184 quum
320 3107 386 3180 (rel
406 3109 503 3182 potius
525 3111 599 3176 uisi)
627 3109 757 3180 divitius,
787 3128 846 3168 uon
870 3113 954 3184 quari
974 3107 1029 3170 lroc
1050 3113 1140 3186 plane

96 3190 177 3251 idem
198 3191 239 3250 sit
257 3211 290 3250 ac
310 3193 336 3250 si
357 3193 506 3272 scripserit
518 3190 618 3250 Plator
642 3182 738 3256 οὐδὲν
755 3181 837 3255 litto
854 3187 1028 3268 ἐθέλοντες
1042 3191 1142 3259 irunt-
1247 3189 1250 3196 ’

97 3275 173 3346 νεῖν,
196 3265 218 3357 ἢ
240 3270 296 3338 τὸν
316 3272 472 3348 πλοῦτον,
494 3277 547 3336 red
567 3278 609 3334 ita
630 3284 728 3334 tumen
747 3273 820 3334 bueo
840 3273 954 3334 dicendi
976 3280 1051 3338 ratio
1071 3288 1143 3341 nete
1214 3291 1219 3303 ⁸

98 3367 159 3417 est:
187 3377 264 3432 quae
291 3379 392 3420 rursus
420 3359 607 3419 collocutione
631 3359 787 3420 uerborum
806 3362 849 3417 ita
870 3359 969 3420 diflert
990 3365 1028 3422 ab
1049 3364 1142 3424 alteru

97 3444 231 3518 rationo,
256 3449 290 3500 ut
316 3445 342 3501 si
371 3443 516 3504 dicamusr
555 3434 650 3508 οὐδὲν
679 3433 761 3506 litto
788 3439 962 3521 ἐθέλοντες
983 3443 1142 3519 ἐπαινεῖν,

97 3515 121 3610 ἢ
143 3519 200 3588 τὸν
221 3523 377 3596 πλοῦτον,
399 3528 474 3586 illud
494 3517 576 3590 dito
596 3528 689 3604 magis
711 3527 854 3589 ecferetur
875 3549 972 3604 neque
986 3531 1087 3590 solum
1104 3533 1143 3592 ad
1268 3525 1274 3602 J

99 3608 336 3684 intellegentiam
351 3613 506 3671 verborum
520 3611 688 3687 iuvandam,
706 3633 807 3673 rerum
820 3607 1000 3688 cumulique
1011 3616 1144 3691 pondere

98 3693 233 3769 accedat,
264 3695 349 3769 quusi
380 3706 482 3756 nostra
507 3695 609 3772 lingua
636 3697 732 3756 dicusr
766 3698 804 3757 du
828 3702 870 3757 eie
898 3700 991 3758 utute
1016 3699 1144 3756 Audet-ss

98 3777 180 3836 lodeu
200 3778 316 3852 cotton,
337 3779 382 3838 uls
402 3781 455 3838 deu
468 3781 642 3840 Roiulttluun.
685 3779 742 3841 Sin
762 3784 805 3840 itu
825 3782 981 3855 loquimur,
1004 3777 1144 3852 quemad

99 3861 220 3919 modum
241 3857 328 3921 Pluto
349 3861 401 3921 illo
422 3864 486 3924 luco
507 3865 617 3924 locutus
639 3874 698 3924 estr
731 3855 829 3928 οὐδὲν
851 3859 1025 3934 ἐθέλοντες
1046 3856 1144 3923 ἐπαι-

99 3944 168 4008 νεῖν
191 3935 264 4007 ἀλλ’
288 3935 309 4030 ἢ
330 3941 387 4009 τὸν
408 3945 570 4019 πλοῦτον,
600 3945 655 4007 loc
682 3949 747 4006 fere
772 3945 891 4004 diciturr
922 3943 961 4001 du
980 3946 1022 4002 sio
1042 3945 1145 4006 Niulstr

100 4028 181 4087 lobeu
203 4029 321 4102 rnolleu,
351 4031 455 4090 cudero
468 4031 521 4112 [uls
542 4033 594 4092 dou
612 4029 794 4098 Ruicbtlsum,
820 4026 868 4088 vel
886 4029 1014 4103 potius„
1026 4031 1069 4088 uti
1090 4051 1144 4090 nos

101 4111 228 4174 solemus
249 4111 351 4190 loqui:
375 4115 413 4176 rlu
431 4119 473 4176 sie
491 4117 582 4176 uiolato
602 4113 682 4174 luben
701 4112 815 4184 woltun,
836 4111 882 4173 ule
900 4131 957 4174 rtur
973 4113 1026 4174 deu
1040 4115 1145 4174 Reiult·

146 4195 187 4260 ll.
340 4237 344 4246 ·
916 4203 934 4257 3
