3012 4580
328 349 331 356 Ι
485 247 763 346 Praefatio}
1042 294 1054 308 ,
1101 282 1149 333 tx

110 467 161 544 ad
185 403 480 564 explicationem
496 467 589 531 tuus
610 455 818 555 particulae
844 408 910 543 aiv,
939 481 1055 556 quem
1080 482 1152 562 ego

110 587 177 664 isso
201 586 289 660 loco
315 602 438 653 amum
459 573 641 676 spectavi.
696 573 930 652 Iudicativus
950 577 1057 650 enim
1080 578 1154 651 of·
1276 671 1278 674 .

112 705 295 780 fectum
327 695 530 798 siguificat,
572 681 832 767 coniamctivus
854 694 1153 791 consilium,

112 843 239 918 neque
264 815 308 891 hi
337 813 446 889 modi
475 838 547 914 per
580 833 623 885 se
651 809 860 906 quidquam
884 813 935 886 ad
962 802 1007 884 ἂν
1031 815 1154 915 parti-

113 937 239 1014 culam
261 933 466 1033 pertinent.
509 929 608 1005 Illud
630 935 761 1003 eutem
786 954 864 1003 uon
880 938 989 1046 recte
1006 933 1153 1007 existu-

111 1054 234 1132 mavit
256 1053 319 1127 vir
345 1047 612 1141 doctissumus,
639 1047 745 1144 quod
769 1048 919 1144 putavit
942 1073 1007 1126 me
1026 1051 1152 1141 aliter,

111 1182 226 1270 atque
251 1170 298 1247 G.
316 1168 560 1244 Hennaamus
583 1163 750 1258 fecisset,
778 1165 973 1264 explicare
985 1168 1153 1243 voluisse

102 1291 210 1366 hamc
246 1289 384 1364 locum.
443 1285 542 1360 Nam
580 1283 684 1380 quod
722 1305 793 1384 ego
826 1285 988 1358 docendi
1021 1309 1153 1362 catassa

110 1407 288 1484 distinxit
325 1400 372 1493 ὡς
398 1400 502 1496 μόλις
526 1397 646 1487 αὐτά,
679 1395 740 1476 καὶ
771 1403 838 1490 ἐγω
864 1385 909 1474 civ
932 1399 1063 1492 αὐτός,
1098 1401 1153 1476 εὖ·

108 1525 251 1625 picam,
280 1522 323 1595 id
355 1544 434 1595 non
466 1519 541 1595 feei
564 1518 638 1594 nisi
662 1519 827 1594 docendi
849 1543 995 1615 caussa,
1021 1531 1063 1594 ut
1087 1522 1153 1598 illa

108 1644 194 1744 ipsa
217 1637 431 1716 iles-manni
450 1621 549 1713 'ratio
573 1637 694 1737 magis
715 1646 900 1714 exstaret.
942 1639 1031 1737 Ipse
1048 1627 1151 1714 euim

109 1759 145 1836 si
183 1755 453 1854 Xenophontis
496 1755 682 1852 scriptum
710 1756 893 1850 ederem,
939 1757 1151 1832 scriberem

109 1874 344 1977 coniunctim
375 1873 530 1948 emanat
565 1867 611 1960 ὡς
641 1869 745 1966 μόλις
779 1865 876 1945 αὐτὰ
911 1869 972 1947 καὶ
1004 1867 1071 1965 ἐγὼ
1105 1867 1152 1948 ἂν

110 1987 222 2083 αὐτὸς
247 1989 415 2091 εὑρίσκω,
440 2000 556 2088 atque
583 1991 681 2066 adeo
707 1991 781 2066 hoe
805 1992 932 2089 ipsum
958 1993 1151 2068 declaravi

107 2141 145 2214 p.
180 2112 290 2204 139„
327 2108 495 2185 Graecos
525 2109 621 2184 haec
652 2111 762 2206 quasi
777 2132 900 2184 sanam
923 2111 1150 2184 enuntiatio·

105 2256 200 2342 nem
230 2227 512 2327 pronuntiasse,
554 2225 671 2303 etiam
706 2227 741 2315 si
769 2226 853 2325 ipsa
881 2227 1067 2328 partienda
1103 2219 1149 2298 ἄν

107 2351 307 2439 clamaret,
333 2344 492 2444 proprie
512 2339 609 2420 (lues
629 2342 747 2419 fuisse
773 2344 844 2420 has
860 2345 1148 2420 enuntiationes.
1226 2359 1230 2368 '

204 2467 250 2542 P.
288 2467 372 2538 128.
414 2463 484 2539 vix
524 2486 621 2560 opus
660 2471 745 2537 erat
776 2487 800 2538 a
830 2486 895 2536 me
929 2463 1148 2536 testimonia

106 2583 199 2685 poni
239 2584 287 2657 (le
324 2582 444 2658 verho
474 2579 687 2677 composito
719 2581 939 2677 προσμένειν.
996 2581 1150 2654 Habent

106 2704 210 2778 enim
233 2701 385 2799 saepius
410 2699 484 2774 hoc
508 2697 673 2772 verbum
696 2697 817 2770 etiam
840 2694 986 2769 solutae
1005 2695 1150 2769 oratio·
1251 2729 1255 2734 ·

106 2823 167 2896 nis
205 2829 398 2912 auctores,
443 2815 561 2891 veluti
599 2813 819 2913 Xenophon
862 2813 911 2886 de
950 2810 1150 2888 venaticae

105 2963 190 3038 cap.
216 2937 303 3014 vll.
339 2935 366 3033 p.
397 2936 459 3006 11.
496 2945 535 3007 et
557 2935 597 3006 iu
628 2931 789 3008 iu‘atorict
816 2931 969 3006 Graeca
1001 2921 1067 3003 lib?
1082 2929 1148 3004 211.
1226 2992 1237 3004 .

104 3081 189 3155 cap.
217 3055 257 3129 4.
286 3055 319 3154 p.
347 3056 384 3128 7.
421 3049 591 3147 itemque
617 3049 656 3122 in
681 3049 948 3148 Xenophontis
972 3047 1149 3145 Expedi-

103 3175 204 3248 tioce
233 3171 322 3270 0Ψὶ
353 3170 419 3244 lih.
446 3168 509 3243 lv.
549 3189 634 3262 cap.
664 3161 701 3238 6.
738 3169 780 3260 §.›
804 3169 841 3236 1.
877 3164 954 3237 hoc
984 3161 1147 3238 verbmn

105 3313 157 3361 ex
181 3289 346 3384 optumis
370 3287 481 3360 libris
506 3283 768 3359 revocandum
789 3279 885 3353 mihi
911 3279 1075 3355 videtur.

204 3403 266 3475 Ad
296 3428 337 3498 p.
367 3404 456 3476 132.
497 3403 718 3474 adnotatum
752 3397 879 3473 haheo
911 3423 935 3473 a
965 3399 1146 3498 quopiam

101 3545 175 3620 pro
195 3516 238 3591 τί
253 3511 322 3616 ycip
347 3511 393 3591 ἄν
419 3519 631 3595 coniectum
655 3539 759 3592 csse:
785 3515 828 3589 τί
846 3509 915 3617 γὰρ
940 3509 1012 3590 οὖν.
1065 3520 1146 3590 Hoc

102 3639 217 3740 igitur
251 3645 319 3709 aut
350 3636 465 3709 etiam
499 3638 563 3730 id,
597 3639 704 3735 quod
742 3660 814 3735 ego
840 3635 986 3710 conieci
1013 3635 1055 3706 τί
1076 3627 1146 3731 γὰρ

103 3747 171 3844 αὖ,
197 3739 462 3856 reponendum
489 3755 565 3827 erit
589 3754 726 3828 inillis
751 3753 890 3827 verbis.

201 3875 314 3969 Quod
335 3896 407 3975 ego
432 3898 473 3970 p.
499 3874 588 3945 203.
615 3869 951 3968 pronuntiaveram
974 3867 1016 3940 in
1031 3865 1142 3940 Thu-

102 3989 249 4089 cytlitlis
263 3981 350 4068 hh.
383 3990 468 4066 vn.
500 4014 581 4089 cap.
615 3985 679 4062 24.
720 3981 964 4060 scribendum
996 3983 1140 4062 videri:

928 4097 973 4142 ss
