2974 4570
541 191 779 302 ,eis
1031 227 1159 294 ¹otn

117 387 194 468 qnod
224 389 377 465 epicorum
395 395 547 464 poetarum
568 407 731 450 sermonem
753 401 977 454 commemorant
1002 395 1069 470 isti,
1095 399 1160 472 qais

117 475 214 534 credat
239 476 327 534 etiam
348 473 417 532 illos
438 473 503 532 sine
524 471 691 534 discrimine
713 474 780 535 tulin
804 475 926 536 sundere
946 479 1050 540 nolitne
1070 487 1159 540 ene?

200 557 289 636 Quod
312 577 401 630 quom
423 557 465 614 ita
485 558 542 630 sit,
564 559 648 616 tunice
670 557 741 616 mibi
764 557 913 633 probanda
934 557 972 620 G.
994 559 1159 624 Hennnnni

115 643 260 702 sententia
281 641 413 714 ridetur,
443 641 495 714 qui
517 641 549 698 in
571 639 775 701 dissertatione
799 647 841 702 lic
861 641 1004 720 'tortionis
1026 637 1065 704 r'iv
1095 647 1114 704 l.
1137 649 1158 705 Ι.

116 747 147 800 p.
163 727 212 784 95.
235 727 386 801 praecipit,
406 725 620 784 coniunctirnm
642 727 707 784 niue
729 727 868 798 particula
888 718 928 788 tiu
949 731 1018 801 poni
1041 731 1071 788 iu
1093 750 1159 789 sen·
1190 725 1195 734 ’
1289 719 1295 732 ’

116 811 215 868 tentiis
242 803 507 881 contineutibus,
537 809 586 867 nbi
617 807 693 868 nihil
722 812 778 868 nisi
806 810 938 870 condicio
957 814 1023 885 ipsa
1046 813 1162 874 indice-·

116 903 177 966 tur,
210 891 275 950 addi
301 903 396 950 antem
421 881 475 962 ib,
505 891 554 948 nbi
575 889 705 950 condicio
727 892 853 968 pendeat
877 913 916 952 ex
939 897 1026 954 rebus
1053 897 1158 956 iortni·
1188 957 1192 964 ,

116 979 164 1035 tis.
197 971 231 1034 Si
254 977 322 1050 quis
345 985 440 1033 autem
460 972 516 1031 boc
539 973 623 1050 diest,
646 978 751 1034 mirum
775 976 880 1050 rideri,
902 978 978 1051 quod
1000 999 1064 1037 cum
1080 983 1157 1056 epici

116 1071 219 1134 poetae
240 1079 311 1118 sune
332 1059 502 1132 frequenter
518 1058 557 1115 ita
577 1050 607 1120 εἰ
625 1079 689 1116 cnm
710 1053 894 1118 o'oniuuctiro
913 1065 1156 1136 composuissent,

114 1141 207 1202 Autct
237 1153 336 1202 contra
363 1143 516 1216 scriptores
544 1144 650 1216 paucis·
667 1141 818 1201 admodum
840 1142 911 1202 locis
934 1141 989 1202 boo
1011 1144 1155 1208 ideumse·

115 1227 222 1298 cerini,
252 1229 314 1285 eius
339 1225 499 1304 reiliucilis
521 1227 595 1282 ratio
618 1225 698 1283 reddi
722 1235 826 1300 potest.
871 1224 945 1286 Nam
968 1249 1057 1302 quom
1080 1232 1154 1305 epici

114 1319 235 1384 poetae,
270 1311 366 1383 prouti
403 1302 458 1365 loci
491 1320 594 1366 notura
625 1321 701 1382 erut,
733 1309 809 1367 Ιιιιιιο
830 1309 877 1368 vel
903 1311 985 1368 illam
1014 1327 1156 1387 ponerent

114 1394 366 1462 constructionem,
396 1393 548 1464 scriptores
570 1388 666 1450 Attici
690 1395 786 1466 potius
808 1403 914 1452 certum
936 1400 1154 1455 constructionis
1262 1397 1272 1416 ’

111 1495 204 1552 genus
238 1477 322 1550 sequi
352 1475 428 1532 soliti
458 1484 544 1546 scrut,
571 1483 603 1530 nt
636 1477 691 1532 nisi
719 1479 882 1534 necessario
907 1475 1054 1538 eiierendn
1078 1491 1154 1540 esset

111 1560 258 1630 condicio,
288 1579 346 1617 nun
368 1564 512 1632 ponerent
531 1549 561 1620 ei
582 1558 754 1629 perticulam
773 1579 836 1616 curu
855 1560 1055 1632 coniunctivae
1083 1567 1153 1622 scri·

113 1654 210 1716 ptores
231 1653 326 1699 autem
350 1643 537 1715 posteriores,
560 1641 610 1713 qui
633 1643 836 1714 proprietatem
859 1645 1023 1717 sermonis,
1051 1647 1093 1704 uti
1119 1649 1152 1705 in

111 1727 245 1783 omnibns
275 1728 378 1784 ceteris
399 1725 522 1798 linguis,
552 1725 593 1781 sic
623 1725 710 1782 etiam
737 1727 767 1782 in
792 1723 902 1782 Graeca
930 1726 1029 1800 lingua
1057 1731 1153 1788 minus

111 1810 267 1882 diiigenter
294 1809 504 1882 observabant,
531 1808 648 1882 saepius
678 1811 764 1866 eliam
791 1809 832 1866 ibi
859 1807 942 1866 illam
965 1815 1152 1870 conutmctio·

111 1913 179 1950 nem
201 1891 392 1966 admiserunt,
419 1892 467 1948 ubi
499 1887 666 1964 diligentior
690 1911 784 1948 sermo
807 1911 871 1947 rum
894 1893 1073 1964 repudiabat.
1116 1893 1150 1954 ld

108 1984 205 2034 antem
237 1995 295 2033 unu
322 1974 389 2033 ideo
413 1971 517 2032 iactum
541 1983 601 2046 est,
629 1974 707 2046 qnod
730 1981 869 2032 rariorem
892 1973 1059 2034 Atticorum
1080 1999 1149 2036 eou-

108 2061 296 2118 strnctiouem
323 2059 529 2128 imitabantur,
558 2055 609 2114 sed
634 2057 702 2131 quis
726 2057 846 2116 omuino
868 2056 938 2131 qnii
960 2061 1064 2134 cuique
1086 2062 1148 2120 loco

105 2163 243 2202 maxume
270 2141 439 2200 conveniret
463 2142 558 2197 minus
586 2141 821 2214 considerabant,
852 2142 889 2198 ob
918 2137 1041 2216 eamque
1067 2163 1148 2218 rem,

110 2225 187 2300 qnod
218 2215 430 2300 neglegentior'
448 2243 545 2283 sermo
573 2221 652 2280 nullo
682 2221 804 2282 fortusse
832 2234 962 2294 tempore
991 2242 1148 2302 agnoverat

109 2309 279 2383 discrimen,
310 2309 367 2381 ipsi
393 2307 482 2382 plane
510 2305 693 2380 ignorabant.
739 2303 776 2366 tit
803 2305 840 2365 de
866 2307 956 2381 epicis
986 2307 1148 2384 lyricisque

106 2394 200 2468 poetis
221 2411 281 2449 uon
307 2390 398 2450 dicam
423 2387 480 2448 hoc
500 2389 582 2463 loco,
610 2387 765 2448 videantur
786 2398 881 2448 tamen
904 2409 978 2462 quae
1003 2387 1041 2449 G.
1068 2389 1146 2452 lier-

106 2493 231 2535 manuos
260 2473 281 2533 l.
298 2473 325 2534 'l.
350 2495 380 2550 p.
405 2477 446 2533 98
468 2491 533 2547 sqq.
557 2474 656 2547 posuit
677 2473 894 2546 explieat-itque
915 2473 1062 2546 exempla.

188 2557 235 2619 De
262 2555 382 2618 Atticis·
396 2567 493 2618 antem
520 2557 615 2630 poetis
643 2563 729 2628 utque
759 2557 922 2614 oratoribus
947 2552 979 2613 bi
1000 2555 1056 2614 loci
1078 2579 1145 2632 pos-

106 2651 175 2704 sunt
200 2643 343 2702 coniemiz
372 2639 516 2717 Aeschyli
536 2642 689 2698 Pusuruu
710 2657 740 2696 v.
762 2641 852 2712 792,
877 2639 987 2714 quoin
1009 2639 1072 2697 locb
1096 2643 1143 2700 nbi

105 2727 211 2789 eborns
233 2728 328 2787 dixitc

290 2861 328 2909 Tr
342 2845 408 2914 obn.
427 2847 497 2914 ἅναξ
514 2855 630 2924 Δαρεῖε,
651 2856 703 2908 noi
717 2853 913 2924 καιασιρέριις

285 2922 376 2991 λόγων
393 2913 533 3004 ὶελευιρνς
552 2924 610 2981 πῶς
626 2917 662 2973 ἃν
681 2921 710 2974 ix
729 2919 832 2975 τούτων
849 2923 885 2974 ior

284 2987 460 3065 πράσσοιμεν
478 3007 515 3048 ως
533 2981 631 3060 ἄρισια
651 2987 785 3060 Περσικὸς
801 2985 884 3054 λεώς,-

102 3097 220 3191 Darens
241 3099 404 3204 respondit:

284 3263 319 3310 Et
327 3253 374 3374 stip
392 3249 581 3324 στρατεύοισθ’
602 3251 630 3311 ἐς
648 3247 694 3304 riu
708 3246 843 3334 {suttune
863 3247 960 3330 sipon,

285 3343 325 3394 μη
346 3323 352 3341 ‘
374 3325 398 3420 pl
415 3317 571 3392 στράτευμα
590 3323 688 3372 πλεῖον
705 3341 720 3393 q
741 3317 770 3372 τὸ
788 3320 938 3389 Μηδικον.,

101 3443 207 3522 quibus
228 3445 259 3502 in
280 3443 376 3502 verbis
396 3462 431 3501 eo
451 3439 581 3500 condicio
602 3441 666 3515 ipsa
687 3441 769 3517 qnasi
792 3463 850 3500 nou
869 3441 955 3502 facile
977 3442 1139 3520 exspectari

100 3529 193 3606 possit
214 3527 410 3602 significatur,
438 3523 516 3599 qnod
538 3523 616 3602 nillil
637 3526 696 3585 nisi
717 3527 844 3601 simplex
865 3530 983 3600 ponitur
1004 3539 1138 3602 eventus,

100 3633 162 3672 non
190 3621 286 3670 autem
316 3605 353 3666 nd
379 3611 590 3684 experientiam
618 3629 664 3669 res
690 3621 821 3669 revocma
850 3621 903 3672 est.
946 3608 1032 3669 Caret
1058 3613 1138 3667 enim

98 3697 242 3760 librorum
267 3694 435 3751 auctoritate
462 3691 540 3766 quod
567 3695 600 3752 in
633 3695 771 3768 exemplo
793 3691 972 3766 Glasqueusi
999 3694 1137 3766 scriptum

99 3790 158 3840 est:
180 3767 261 3860 μηδ’
287 3767 325 3862 ἢν
347 3767 535 3858 σιράτευμα
556 3771 673 3836 πλεῖον
693 3765 716 3858 ᾗ
739 3769 776 3836 τὸ
801 3769 966 3854 lllqcltmi'u.

173 3859 317 3922 ·l‘ertinet
353 3857 410 3916 huc
446 3860 535 3916 etiam
570 3855 733 3932 Suppliouut
763 3853 912 3932 Aeschyli
943 3876 971 3914 r.
1003 3857 1045 3915 90
1078 3877 1137 3932 sq..

309 3995 409 4044 Πίστει
428 3985 454 4043 ‹t'
477 3983 600 4057 ἀσφαλὲς
613 3981 676 4038 ot'rti'
696 3985 744 4038 tut
761 3979 853 4052 νώτῳ,

306 4060 418 4132 κορυφᾷ
437 4053 503 4116 Διὸς
519 4057 543 4110 ti
562 4055 669 4126 κρανθῇ
687 4055 803 4126 πρᾶγμα
822 4055 933 4108 πέλειαν.

754 4187 757 4192 .
852 4138 919 4199 33*
