2994 4592
173 565 247 625 'Art'
267 555 308 626 ds

229 651 256 692 Θί

180 704 242 764 ἀνθ’
264 693 305 762 οὗ.

212 821 306 876 ΜΒ.

798 199 896 300 ἔρα.

558 404 678 478 2473’
712 398 769 478 eir
798 423 837 474 at
868 404 1125 486 eive’i'soo·
1203 437 1204 440 ’

406 561 520 646 Deliis
537 565 675 628 formulis
693 563 819 643 dioendi,
839 565 877 626 de
897 566 1003 643 quibus
1021 571 1100 626 recte
1123 565 1284 644 explicarit
1303 565 1371 630 De·
1424 603 1429 608 ·

323 651 439 728 varim,
467 649 546 712 nihil
574 650 654 710 alind
679 648 774 712 habeo
805 650 884 728 quod
911 650 1061 727 adiiciam,
1089 653 1150 712 nisi
1175 650 1249 730 hoc,
1276 655 1371 712 etism
1491 689 1492 694 κ

321 731 449 798 Latinos
478 755 584 813 saepe,
614 755 704 812 quom
731 755 787 812 per
812 755 845 796 ae
874 735 1029 796 relativum
1058 755 1222 809 pronomen
1245 746 1371 812 possent

322 822 417 896 aptius
440 821 617 900 coniungere
638 839 702 878 cuns
726 821 907 882 anbstnntiro
928 838 1112 896 praegresso,
1134 821 1171 880 ab
1192 818 1249 880 hoo
1268 841 1368 880 reces-

322 907 416 981 sisse,
444 913 474 964 et
501 913 552 963 eut
579 903 659 963 eliud
676 905 897 965 'substantivum
919 901 1088 980 adposuisse
1109 913 1159 962 ent
1180 912 1259 964 certa
1284 904 1371 964 eliud

321 990 504 1065 pronominis
532 988 650 1049 relatiri
675 1006 786 1066 genus,
818 988 897 1066 qnod
925 990 968 1047 ita
988 988 1199 1050 consuetudine
1221 988 1370 1064 loquendi

321 1082 470 1150 receptum
499 1081 560 1149 est,
590 1081 623 1131 nt
648 1072 682 1130 in
710 1073 883 1148 quibusdam
909 1072 1046 1132 fonnnlis
1072 1075 1126 1133 rix
1153 1081 1253 1149 posset
1279 1072 1370 1132 alitor

322 1155 391 1220 diei.
442 1155 513 1220 Non
538 1159 619 1216 enim
645 1164 723 1217 recte
751 1158 889 1234 loquatur
912 1157 1012 1216 multis
1033 1155 1106 1220 iocis
1133 1176 1173 1217 ne
1197 1159 1230 1217 in
1252 1152 1369 1227 Latino

263 1299 268 1308 ,
323 1241 441 1318 quidem
467 1260 619 1317 sermone,
642 1241 673 1302 si
701 1244 767 1316 quis
795 1241 884 1302 dicat:
916 1259 1020 1299 cnosso
1043 1242 1112 1301 hoco
1134 1249 1189 1312 eet,
1221 1239 1254 1300 ob
1277 1260 1379 1318 qssoss-

226 2138 308 2217 Ἄρα.

213 2257 245 2308 P.
261 2253 307 2310 40.

322 1335 375 1385 etc.
401 1345 455 1402 pro
475 1345 560 1403 quom
582 1325 615 1386 oi
633 1344 694 1384 rnen
716 1333 782 1402 ent,
811 1324 890 1403 qnod
911 1321 1023 1384 Greeco
1045 1315 1119 1390 ἄνθ’
1139 1323 1293 1400 ‹nn-piene
1315 1343 1366 1385 re·

322 1408 459 1488 spondet,
479 1417 658 1491 quamopter,
679 1417 710 1470 et
733 1431 810 1488 quae
832 1417 902 1473 sunt
921 1408 1040 1474 similia.

732 1611 962 1660 *sax-:2³

655 1820 681 1884 G
712 1809 748 1883 Ᾱ
776 1819 802 1882 Ρ
832 1820 863 1883 U
894 1818 922 1882 T
974 1815 1033 1882 lv.

421 1954 475 2028 Do
499 1955 700 2052 particule
725 1955 806 2051 tipo
831 1967 871 2027 et
894 1955 990 2031 nliis
1017 1952 1266 2068 quibusdem.

406 2140 456 2206 De
476 2141 620 2220 particule
638 2141 757 2218 APA,
780 2117 865 2218 puse-
880 2142 943 2203 sire
966 2135 1034 2230 ἄρα
1053 2144 1117 2202 sive
1140 2129 1208 2227 ἆρα
1230 2162 1362 2219 pronun-

323 2228 428 2305 tiatur,
455 2230 492 2289 eb
517 2228 620 2289 endem
645 2227 743 2288 radice
769 2225 919 2286 descendit
944 2235 973 2288 et
999 2225 1123 2288 eandem
1147 2245 1202 2301 per
1224 2247 1256 2287 se
1275 2225 1364 2288 habet

322 2313 584 2390 significationem,
609 2315 691 2373 serie
720 2322 821 2372 nostro
847 2318 979 2386 tempore
1004 2309 1162 2371 iudicatum
1188 2319 1244 2372 est.
1284 2307 1363 2372 Nem

323 2417 413 2474 quom
435 2404 466 2456 et
489 2395 804 2474 reteresgremmatici
828 2389 932 2455 Graeci
956 2404 986 2456 ct
1005 2397 1180 2456 recentiores
1202 2413 1303 2456 omues
1329 2396 1365 2454 in

264 2523 267 2528 ·
322 2501 358 2540 eo
379 2482 606 2557 consensissent,
626 2488 658 2539 nt
675 2500 731 2556 per
750 2479 923 2555 perticulam
942 2472 1009 2566 ἄρα
1029 2477 1140 2555 aliquid
1158 2481 1201 2537 ite
1220 2477 1257 2537 ad
1271 2477 1363 2555 eliud,

323 2563 404 2641 qnod
430 2571 481 2624 aut
505 2585 609 2626 revere
635 2565 771 2640 ponium
792 2569 872 2624 esset
900 2571 969 2638 eut,
1001 2571 1034 2621 nt
1056 2564 1123 2638 ipen
1144 2562 1287 2622 sententia
1308 2581 1363 2638 po-

321 2657 451 2725 neretur,
476 2651 661 2710 extrinsecus
685 2646 891 2716 adsumendum
914 2653 1003 2724 essct,
1026 2646 1142 2706 adnecti
1165 2645 1306 2722 dicerent,
1330 2652 1364 2706 ut

321 2735 469 2809 posterius
486 2730 543 2793 hoo
565 2753 606 2794 ex
626 2733 678 2792 illo
701 2734 802 2809 priore
825 2737 911 2807 quusi
935 2730 1048 2816 aliquid
1069 2727 1228 2792 cohaerens
1249 2737 1278 2792 et
1294 2749 1364 2790 con-

322 2835 450 2893 sequens
481 2819 601 2877 euenire
626 2814 790 2890 uideretur,
819 2818 885 2876 sive
913 2834 949 2874 en
976 2817 1025 2876 ris
1043 2815 1116 2878 ,soie
1141 2815 1364 2876 ratiocinatione
1491 2885 1492 2894 χ

322 2901 386 2959 sire
405 2901 636 2976 interrogatione
656 2906 706 2957 unt
717 2897 929 2958 exclamatione
941 2896 1124 2974 proderetur,
1143 2918 1237 2973 nuper
1246 2900 1364 2958 exstitit

321 2979 368 3042 lo.
396 2979 533 3042 Adamns
559 2979 743 3057 Hertungins
780 2980 896 3058 dicens,
933 3001 1037 3044 omncs
1069 2983 1270 3061 grammaticos
1298 3002 1363 3042 onm

323 3061 454 3126 Graecos
475 3071 537 3124 tum
556 3067 732 3126 recentiores
752 3063 941 3134 uehementer
958 3065 1052 3126 falsos
1076 3085 1141 3140 esse
1160 3086 1202 3136 nc¹
1214 3067 1362 3137 nemiuem

322 3169 443 3226 eorum,
464 3170 540 3225 qnae
560 3170 630 3213 rere
650 3147 912 3220 riaesset-lnnius,
925 3149 1101 3226 perticuine,
1121 3149 1275 3225 applornte
1294 3169 1363 3226 per·

322 3241 438 3308 ceptum
458 3233 606 3295 habuisse.
648 3231 776 3294 Tantum
796 3235 877 3304 enim
889 3235 1015 3307 abesse,
1042 3240 1075 3292 nt
1095 3229 1166 3296 rere
1180 3235 1234 3294 uis
1255 3253 1289 3294 ac
1307 3255 1362 3310 po·

322 3325 412 3378 testas
434 3319 594 3392 partiendae
618 3326 712 3414 esset,
733 3337 821 3394 qnam
843 3319 1008 3378 statuissent
1030 3317 1220 3394 grammatici,
1243 3326 1275 3377 nt
1295 3339 1362 3378 con·

322 3401 444 3458 nemun
470 3401 558 3476 plene
582 3402 656 3461 iilud
685 3422 751 3484 αρα
780 3402 969 3478 significaret.
1019 3398 1189 3476 Significant
1218 3404 1298 3460 euim
1327 3423 1363 3462 ea

321 3481 462 3557 particula
482 3503 542 3542 non
563 3483 648 3560 illud,
671 3484 750 3558 qnod
770 3485 857 3546 rebus
877 3487 918 3545 ite
938 3485 1113 3560 comperatis
1134 3492 1362 3545 consentaneum

322 3575 399 3625 esset
418 3571 451 3623 nt
470 3565 569 3642 fieret,
590 3565 642 3626 sed
663 3565 695 3626 id
718 3570 833 3646 potins,
856 3568 934 3646 qnod
954 3588 1132 3643 quamquam
1154 3589 1203 3630 res
1222 3570 1265 3628 ite
1284 3589 1361 3628 eom-

321 3657 440 3726 peratae
460 3658 569 3726 essent,
590 3657 685 3711 tame'n
707 3651 793 3712 fieret
813 3663 913 3712 contra
924 3652 1094 3728 opinionem
1110 3659 1197 3729 atque
1211 3661 1360 3728 exspecte-

295 3735 433 3797 ,tionens
460 3742 598 3795 nostram.
649 3735 696 3797 Cf.
727 3737 790 3798 eius
814 3737 890 3798 liber
918 3741 961 3794 De
985 3737 1136 3814 particulis
1167 3739 1218 3796 Gr.
1248 3737 1361 3812 ltnpuoe

322 3817 381 3880 vol.
409 3816 434 3878 1.
462 3841 495 3894 p.
522 3823 583 3878 422
605 3840 650 3895 sq.
694 3817 782 3902 Quod
812 3839 901 3896 quom
930 3839 992 3878 non
1021 3840 1148 3896 norum,
1174 3819 1228 3881 sed
1253 3819 1361 3880 falsum

321 3907 416 3978 esset,
449 3923 503 3964 neo
532 3903 584 3964 aiii
613 3906 793 3983 grammatici
821 3903 1021 3980 accipiendum
1047 3911 1223 3980 putauerunt
1246 3913 1276 3964 et
1303 3905 1361 3980 ipsi

321 3984 382 4041 inm
405 4005 493 4062 snprn
516 4009 547 4062 p.
571 3993 609 4048 19
631 4010 698 4066 ιφ,
726 3990 777 4050 nbi
803 3990 942 4065 agebatur
962 3988 999 4050 de
1019 3987 1168 4062 partientis
1190 3977 1261 4050 ἀλλ’
1285 3977 1361 4068 ἄρα,

321 4065 450 4141 professi
480 4089 600 4148 snmus,
634 4075 718 4136 nobis
748 4075 836 4152 istam
867 4071 1034 4150 explicandi
1065 4073 1211 4136 rationem
1240 4089 1360 4149 prorsus
