<?xml version="1.0" encoding="UTF-8"?>
<!DOCTYPE html PUBLIC "-//W3C//DTD XHTML 1.0 Transitional//EN"
    "http://www.w3.org/TR/xhtml1/DTD/xhtml1-transitional.dtd">
<html xmlns="http://www.w3.org/1999/xhtml" xml:lang="en" lang="en">
 <head>
  <title>
</title>
<meta http-equiv="Content-Type" content="text/html;charset=utf-8" />
  <meta name='ocr-system' content='tesseract 3.04.00' />
  <meta name='ocr-capabilities' content='ocr_page ocr_carea ocr_par ocr_line ocrx_word'/>
</head>
<body>
  <div class='ocr_page' id='page_1' title='image "./matthaeidevarii00klotgoog_0028.png"; bbox 0 0 2974 4588; ppageno 0'>
   <div class='ocr_carea' id='block_1_1' title="bbox 603 207 1188 300">
    <p class='ocr_par' dir='ltr' id='par_1_1' title="bbox 603 207 1188 300">
     <span class='ocr_line' id='line_1_1' title="bbox 603 207 1188 300; baseline 0.002 -14"><span class='ocrx_word' id='word_1_1' title='bbox 603 207 732 286; x_wconf 77' lang='grc' dir='ltr'><strong>ἀλλά.</strong></span> <span class='ocrx_word' id='word_1_2' title='bbox 849 225 857 234; x_wconf 85' lang='grc'><em>·</em></span> <span class='ocrx_word' id='word_1_3' title='bbox 1145 231 1188 300; x_wconf 76' lang='lat'><strong>21</strong></span> 
     </span>
    </p>
   </div>
   <div class='ocr_carea' id='block_1_2' title="bbox 133 385 1187 1312">
    <p class='ocr_par' dir='ltr' id='par_1_2' title="bbox 133 385 1187 1312">
     <span class='ocr_line' id='line_1_2' title="bbox 139 385 1187 482; baseline 0.014 -33"><span class='ocrx_word' id='word_1_4' title='bbox 139 387 236 450; x_wconf 79' lang='lat' dir='ltr'><strong>locum</strong></span> <span class='ocrx_word' id='word_1_5' title='bbox 250 393 330 450; x_wconf 88' lang='lat' dir='ltr'><strong>recte</strong></span> <span class='ocrx_word' id='word_1_6' title='bbox 347 388 457 464; x_wconf 81' lang='lat' dir='ltr'><strong>occepit</strong></span> <span class='ocrx_word' id='word_1_7' title='bbox 473 387 592 464; x_wconf 82' lang='lat' dir='ltr'><strong>quidem</strong></span> <span class='ocrx_word' id='word_1_8' title='bbox 608 385 648 452; x_wconf 85' lang='lat' dir='ltr'><strong>R.</strong></span> <span class='ocrx_word' id='word_1_9' title='bbox 662 387 825 454; x_wconf 77' lang='lat' dir='ltr'><strong>Kiihuerns</strong></span> <span class='ocrx_word' id='word_1_10' title='bbox 841 393 863 454; x_wconf 92' lang='lat' dir='ltr'><strong>l.</strong></span> <span class='ocrx_word' id='word_1_11' title='bbox 880 417 905 455; x_wconf 88' lang='lat' dir='ltr'><strong>c.</strong></span> <span class='ocrx_word' id='word_1_12' title='bbox 922 396 983 460; x_wconf 78' lang='lat' dir='ltr'><strong>vol.</strong></span> <span class='ocrx_word' id='word_1_13' title='bbox 999 396 1042 460; x_wconf 89' lang='lat' dir='ltr'><strong>ll.</strong></span> <span class='ocrx_word' id='word_1_14' title='bbox 1058 421 1089 478; x_wconf 89' lang='lat' dir='ltr'><strong>p.</strong></span> <span class='ocrx_word' id='word_1_15' title='bbox 1102 401 1187 482; x_wconf 62' lang='lat'><strong>455,</strong></span> 
     </span>
     <span class='ocr_line' id='line_1_3' title="bbox 138 471 1186 560; baseline 0.012 -26"><span class='ocrx_word' id='word_1_16' title='bbox 138 494 230 552; x_wconf 86' lang='lat' dir='ltr'><strong>quom</strong></span> <span class='ocrx_word' id='word_1_17' title='bbox 266 473 346 534; x_wconf 80' lang='lat' dir='ltr'><strong>dixit</strong></span> <span class='ocrx_word' id='word_1_18' title='bbox 385 471 557 549; x_wconf 75' lang='lat' dir='ltr'><strong>particulam</strong></span> <span class='ocrx_word' id='word_1_19' title='bbox 596 495 663 560; x_wconf 81' lang='grc' dir='ltr'><strong>αρα</strong></span> <span class='ocrx_word' id='word_1_20' title='bbox 704 477 893 553; x_wconf 76' lang='lat' dir='ltr'><strong>aiguilicurcc</strong></span> <span class='ocrx_word' id='word_1_21' title='bbox 937 487 979 540; x_wconf 84' lang='lat' dir='ltr'><strong>Ee</strong></span> <span class='ocrx_word' id='word_1_22' title='bbox 1021 504 1086 544; x_wconf 81' lang='lat' dir='ltr'><strong>cour</strong></span> <span class='ocrx_word' id='word_1_23' title='bbox 1125 505 1186 546; x_wconf 81' lang='lat' dir='ltr'><strong>osu</strong></span> 
     </span>
     <span class='ocr_line' id='line_1_4' title="bbox 138 555 1186 644; baseline 0.011 -26"><span class='ocrx_word' id='word_1_24' title='bbox 138 559 206 618; x_wconf 82' lang='lat' dir='ltr'><strong>cleu</strong></span> <span class='ocrx_word' id='word_1_25' title='bbox 227 557 333 618; x_wconf 82' lang='lat' dir='ltr'><strong>oiuuaul</strong></span> <span class='ocrx_word' id='word_1_26' title='bbox 353 576 403 627; x_wconf 87' lang='lat' dir='ltr'><strong>eo,</strong></span> <span class='ocrx_word' id='word_1_27' title='bbox 433 555 487 616; x_wconf 83' lang='lat' dir='ltr'><strong>sed</strong></span> <span class='ocrx_word' id='word_1_28' title='bbox 513 557 635 618; x_wconf 82' lang='lat' dir='ltr'><strong>debehat</strong></span> <span class='ocrx_word' id='word_1_29' title='bbox 661 567 758 620; x_wconf 83' lang='lat' dir='ltr'><strong>tamen</strong></span> <span class='ocrx_word' id='word_1_30' title='bbox 786 561 838 623; x_wconf 91' lang='lat' dir='ltr'><strong>ille</strong></span> <span class='ocrx_word' id='word_1_31' title='bbox 863 560 1008 625; x_wconf 82' lang='lat' dir='ltr'><strong>declarare</strong></span> <span class='ocrx_word' id='word_1_32' title='bbox 1028 589 1119 644; x_wconf 78' lang='lat' dir='ltr'><strong>quem</strong></span> <span class='ocrx_word' id='word_1_33' title='bbox 1147 571 1186 630; x_wconf 81' lang='lat' dir='ltr'><strong>ud</strong></span> 
     </span>
     <span class='ocr_line' id='line_1_5' title="bbox 136 629 1184 732; baseline 0.014 -34"><span class='ocrx_word' id='word_1_34' title='bbox 136 640 258 704; x_wconf 85' lang='lat' dir='ltr'><strong>morlum</strong></span> <span class='ocrx_word' id='word_1_35' title='bbox 285 661 340 716; x_wconf 89' lang='lat' dir='ltr'><strong>per</strong></span> <span class='ocrx_word' id='word_1_36' title='bbox 362 641 532 716; x_wconf 71' lang='lat' dir='ltr'><strong>particulam</strong></span> <span class='ocrx_word' id='word_1_37' title='bbox 558 629 625 726; x_wconf 70' lang='grc' dir='ltr'><strong>ὅρα</strong></span> <span class='ocrx_word' id='word_1_38' title='bbox 648 641 720 722; x_wconf 85' lang='lat' dir='ltr'><strong>hoc,</strong></span> <span class='ocrx_word' id='word_1_39' title='bbox 750 645 830 722; x_wconf 82' lang='lat' dir='ltr'><strong>quod</strong></span> <span class='ocrx_word' id='word_1_40' title='bbox 850 647 957 708; x_wconf 82' lang='lat' dir='ltr'><strong>luctum</strong></span> <span class='ocrx_word' id='word_1_41' title='bbox 978 669 1045 711; x_wconf 85' lang='lat' dir='ltr'><strong>ease</strong></span> <span class='ocrx_word' id='word_1_42' title='bbox 1069 652 1184 732; x_wconf 79' lang='lat' dir='ltr'><strong>dicitur,</strong></span> 
     </span>
     <span class='ocr_line' id='line_1_6' title="bbox 134 723 1182 814; baseline 0.012 -29"><span class='ocrx_word' id='word_1_43' title='bbox 134 723 296 786; x_wconf 72' lang='lat' dir='ltr'><strong>deducatur</strong></span> <span class='ocrx_word' id='word_1_44' title='bbox 317 743 357 786; x_wconf 82' lang='lat' dir='ltr'><strong>ex</strong></span> <span class='ocrx_word' id='word_1_45' title='bbox 376 726 431 801; x_wconf 83' lang='lat' dir='ltr'><strong>iis,</strong></span> <span class='ocrx_word' id='word_1_46' title='bbox 453 745 529 800; x_wconf 86' lang='lat' dir='ltr'><strong>qnae</strong></span> <span class='ocrx_word' id='word_1_47' title='bbox 552 735 639 786; x_wconf 85' lang='lat' dir='ltr'><strong>antee</strong></span> <span class='ocrx_word' id='word_1_48' title='bbox 660 727 735 788; x_wconf 81' lang='lat' dir='ltr'><strong>dicte</strong></span> <span class='ocrx_word' id='word_1_49' title='bbox 755 738 830 790; x_wconf 86' lang='lat' dir='ltr'><strong>snut.</strong></span> <span class='ocrx_word' id='word_1_50' title='bbox 869 729 947 792; x_wconf 84' lang='lat' dir='ltr'><strong>Nom</strong></span> <span class='ocrx_word' id='word_1_51' title='bbox 969 733 1040 795; x_wconf 89' lang='lat' dir='ltr'><strong>illue</strong></span> <span class='ocrx_word' id='word_1_52' title='bbox 1061 737 1182 814; x_wconf 85' lang='lat' dir='ltr'><strong>hestiae,</strong></span> 
     </span>
     <span class='ocr_line' id='line_1_7' title="bbox 139 805 1183 895; baseline 0.014 -28"><span class='ocrx_word' id='word_1_53' title='bbox 139 829 218 885; x_wconf 83' lang='lat' dir='ltr'><strong>quse</strong></span> <span class='ocrx_word' id='word_1_54' title='bbox 240 830 259 868; x_wconf 87' lang='lat' dir='ltr'><strong>u</strong></span> <span class='ocrx_word' id='word_1_55' title='bbox 280 805 363 869; x_wconf 77' lang='lat' dir='ltr'><strong>Circe</strong></span> <span class='ocrx_word' id='word_1_56' title='bbox 385 807 511 869; x_wconf 77' lang='lat' dir='ltr'><strong>domitae</strong></span> <span class='ocrx_word' id='word_1_57' title='bbox 533 818 633 888; x_wconf 80' lang='lat' dir='ltr'><strong>eraut,</strong></span> <span class='ocrx_word' id='word_1_58' title='bbox 656 833 717 872; x_wconf 90' lang='lat' dir='ltr'><strong>nou</strong></span> <span class='ocrx_word' id='word_1_59' title='bbox 740 814 895 891; x_wconf 77' lang='lat' dir='ltr'><strong>adgressus</strong></span> <span class='ocrx_word' id='word_1_60' title='bbox 917 826 986 877; x_wconf 86' lang='lat' dir='ltr'><strong>enut</strong></span> <span class='ocrx_word' id='word_1_61' title='bbox 1006 821 1103 895; x_wconf 79' lang='lat' dir='ltr'><strong>viros,</strong></span> <span class='ocrx_word' id='word_1_62' title='bbox 1130 820 1183 882; x_wconf 78' lang='lat' dir='ltr'><strong>secl</strong></span> 
     </span>
     <span class='ocr_line' id='line_1_8' title="bbox 139 892 1181 978; baseline 0.012 -26"><span class='ocrx_word' id='word_1_63' title='bbox 139 893 183 970; x_wconf 81' lang='lat' dir='ltr'><strong>id,</strong></span> <span class='ocrx_word' id='word_1_64' title='bbox 206 892 285 968; x_wconf 79' lang='lat' dir='ltr'><strong>quod</strong></span> <span class='ocrx_word' id='word_1_65' title='bbox 305 895 359 968; x_wconf 89' lang='lat' dir='ltr'><strong>eie,</strong></span> <span class='ocrx_word' id='word_1_66' title='bbox 380 913 456 968; x_wconf 83' lang='lat' dir='ltr'><strong>quoe</strong></span> <span class='ocrx_word' id='word_1_67' title='bbox 468 904 597 970; x_wconf 87' lang='lat' dir='ltr'><strong>propter</strong></span> <span class='ocrx_word' id='word_1_68' title='bbox 616 897 776 974; x_wconf 81' lang='lat' dir='ltr'><strong>mitigatum</strong></span> <span class='ocrx_word' id='word_1_69' title='bbox 798 908 930 959; x_wconf 85' lang='lat' dir='ltr'><strong>naturam</strong></span> <span class='ocrx_word' id='word_1_70' title='bbox 949 922 1011 960; x_wconf 87' lang='lat' dir='ltr'><strong>nou</strong></span> <span class='ocrx_word' id='word_1_71' title='bbox 1028 902 1181 978; x_wconf 66' lang='lat' dir='ltr'><strong>adgredie-</strong></span> 
     </span>
     <span class='ocr_line' id='line_1_9' title="bbox 137 975 1180 1063; baseline 0.012 -26"><span class='ocrx_word' id='word_1_72' title='bbox 137 977 242 1038; x_wconf 85' lang='lat' dir='ltr'><strong>houtur</strong></span> <span class='ocrx_word' id='word_1_73' title='bbox 260 975 407 1052; x_wconf 79' lang='lat' dir='ltr'><strong>homiues,</strong></span> <span class='ocrx_word' id='word_1_74' title='bbox 428 987 654 1040; x_wconf 79' lang='lat' dir='ltr'><strong>cousentaneum</strong></span> <span class='ocrx_word' id='word_1_75' title='bbox 669 985 741 1058; x_wconf 80' lang='lat' dir='ltr'><strong>eret,</strong></span> <span class='ocrx_word' id='word_1_76' title='bbox 764 983 907 1059; x_wconf 85' lang='lat' dir='ltr'><strong>lecerunt,</strong></span> <span class='ocrx_word' id='word_1_77' title='bbox 927 993 960 1044; x_wconf 91' lang='lat' dir='ltr'><strong>nt</strong></span> <span class='ocrx_word' id='word_1_78' title='bbox 974 985 1071 1063; x_wconf 71' lang='lat' dir='ltr'><strong>longis</strong></span> <span class='ocrx_word' id='word_1_79' title='bbox 1083 985 1180 1048; x_wconf 80' lang='lat' dir='ltr'><strong>condis</strong></span> 
     </span>
     <span class='ocr_line' id='line_1_10' title="bbox 134 1060 1180 1142; baseline 0.01 -20"><span class='ocrx_word' id='word_1_80' title='bbox 134 1061 288 1122; x_wconf 72' lang='lat' dir='ltr'><strong>ululantes</strong></span> <span class='ocrx_word' id='word_1_81' title='bbox 308 1069 472 1137; x_wconf 75' lang='lat' dir='ltr'><strong>surgerent.</strong></span> <span class='ocrx_word' id='word_1_82' title='bbox 513 1060 578 1123; x_wconf 90' lang='lat' dir='ltr'><strong>Nec</strong></span> <span class='ocrx_word' id='word_1_83' title='bbox 598 1063 683 1124; x_wconf 85' lang='lat' dir='ltr'><strong>ullter</strong></span> <span class='ocrx_word' id='word_1_84' title='bbox 704 1065 895 1142; x_wconf 80' lang='lat' dir='ltr'><strong>explicandus</strong></span> <span class='ocrx_word' id='word_1_85' title='bbox 917 1077 961 1128; x_wconf 90' lang='lat' dir='ltr'><strong>eat</strong></span> <span class='ocrx_word' id='word_1_86' title='bbox 980 1069 1033 1130; x_wconf 89' lang='lat' dir='ltr'><strong>ille</strong></span> <span class='ocrx_word' id='word_1_87' title='bbox 1052 1070 1133 1132; x_wconf 86' lang='lat' dir='ltr'><strong>locua</strong></span> <span class='ocrx_word' id='word_1_88' title='bbox 1147 1075 1180 1132; x_wconf 89' lang='lat' dir='ltr'><strong>in</strong></span> 
     </span>
     <span class='ocr_line' id='line_1_11' title="bbox 135 1149 1180 1232; baseline 0.011 -28"><span class='ocrx_word' id='word_1_89' title='bbox 135 1149 239 1218; x_wconf 76' lang='lat' dir='ltr'><strong>llpmo.</strong></span> <span class='ocrx_word' id='word_1_90' title='bbox 265 1149 298 1205; x_wconf 84' lang='lat' dir='ltr'><strong>io</strong></span> <span class='ocrx_word' id='word_1_91' title='bbox 323 1149 455 1205; x_wconf 73' lang='lat' dir='ltr'><strong>Venerem</strong></span> <span class='ocrx_word' id='word_1_92' title='bbox 483 1166 513 1207; x_wconf 81' lang='lat' dir='ltr'><strong>v.</strong></span> <span class='ocrx_word' id='word_1_93' title='bbox 541 1151 560 1206; x_wconf 87' lang='lat'><strong>9</strong></span> <span class='ocrx_word' id='word_1_94' title='bbox 589 1167 654 1224; x_wconf 76' lang='lat' dir='ltr'><strong>erp,</strong></span> <span class='ocrx_word' id='word_1_95' title='bbox 685 1150 736 1209; x_wconf 89' lang='lat' dir='ltr'><strong>nbi</strong></span> <span class='ocrx_word' id='word_1_96' title='bbox 762 1158 916 1226; x_wconf 77' lang='lat' dir='ltr'><strong>postquam</strong></span> <span class='ocrx_word' id='word_1_97' title='bbox 944 1162 1033 1228; x_wconf 81' lang='lat' dir='ltr'><strong>poeta</strong></span> <span class='ocrx_word' id='word_1_98' title='bbox 1059 1158 1180 1232; x_wconf 68' lang='lat' dir='ltr'><strong>negarit</strong></span> 
     </span>
     <span class='ocr_line' id='line_1_12' title="bbox 133 1225 964 1312; baseline 0.01 -24"><span class='ocrx_word' id='word_1_99' title='bbox 133 1231 267 1305; x_wconf 78' lang='lat' dir='ltr'><strong>potuim</strong></span> <span class='ocrx_word' id='word_1_100' title='bbox 288 1249 306 1288; x_wconf 87' lang='lat' dir='ltr'><strong>a</strong></span> <span class='ocrx_word' id='word_1_101' title='bbox 325 1225 448 1289; x_wconf 78' lang='lat' dir='ltr'><strong>Venere</strong></span> <span class='ocrx_word' id='word_1_102' title='bbox 467 1230 532 1290; x_wconf 84' lang='lat' dir='ltr'><strong>lolli</strong></span> <span class='ocrx_word' id='word_1_103' title='bbox 552 1227 732 1310; x_wconf 63' lang='lat' dir='ltr'><strong>Miner-rm</strong></span> <span class='ocrx_word' id='word_1_104' title='bbox 753 1238 796 1296; x_wconf 87' lang='lat' dir='ltr'><strong>aio</strong></span> <span class='ocrx_word' id='word_1_105' title='bbox 816 1235 964 1312; x_wconf 78' lang='lat' dir='ltr'><strong>loquiturc</strong></span> 
     </span>
    </p>
   </div>
   <div class='ocr_carea' id='block_1_3' title="bbox 269 1355 1015 1510">
    <p class='ocr_par' dir='ltr' id='par_1_3' title="bbox 269 1355 1015 1510">
     <span class='ocr_line' id='line_1_13' title="bbox 274 1355 1015 1452; baseline 0.015 -41"><span class='ocrx_word' id='word_1_106' title='bbox 274 1357 387 1446; x_wconf 62' lang='lat' dir='ltr'><strong>priyp&#39;p</strong></span> <span class='ocrx_word' id='word_1_107' title='bbox 405 1360 433 1413; x_wconf 85' lang='lat' dir='ltr'><strong>ol</strong></span> <span class='ocrx_word' id='word_1_108' title='bbox 448 1355 550 1442; x_wconf 60' lang='lat' dir='ltr'><strong>eh&#39;rgder</strong></span> <span class='ocrx_word' id='word_1_109' title='bbox 567 1359 635 1433; x_wconf 73' lang='grc' dir='ltr'><strong>ἔργα</strong></span> <span class='ocrx_word' id='word_1_110' title='bbox 649 1359 829 1452; x_wconf 59' lang='grc' dir='ltr'><strong>Ιζιολυχρὺσρυ</strong></span> <span class='ocrx_word' id='word_1_111' title='bbox 843 1363 1015 1452; x_wconf 62' lang='lat' dir='ltr'><strong>Hrppodlrpr,</strong></span> 
     </span>
     <span class='ocr_line' id='line_1_14' title="bbox 269 1429 1007 1510; baseline 0.015 -31"><span class='ocrx_word' id='word_1_112' title='bbox 269 1429 321 1482; x_wconf 75' lang='lat' dir='ltr'><strong>ult</strong></span> <span class='ocrx_word' id='word_1_113' title='bbox 348 1447 403 1500; x_wconf 78' lang='lat' dir='ltr'><strong>opu</strong></span> <span class='ocrx_word' id='word_1_114' title='bbox 420 1429 449 1484; x_wconf 86' lang='lat' dir='ltr'><strong>ol</strong></span> <span class='ocrx_word' id='word_1_115' title='bbox 464 1431 585 1500; x_wconf 71' lang='lat' dir='ltr'><strong>nolcprot</strong></span> <span class='ocrx_word' id='word_1_116' title='bbox 600 1449 628 1485; x_wconf 79' lang='grc' dir='ltr'><strong>τε</strong></span> <span class='ocrx_word' id='word_1_117' title='bbox 645 1432 716 1488; x_wconf 68' lang='lat' dir='ltr'><strong>ullor</strong></span> <span class='ocrx_word' id='word_1_118' title='bbox 732 1436 779 1486; x_wconf 73' lang='lat' dir='ltr'><strong>eol</strong></span> <span class='ocrx_word' id='word_1_119' title='bbox 796 1452 880 1507; x_wconf 77' lang='grc' dir='ltr'><em>εργον</em></span> <span class='ocrx_word' id='word_1_120' title='bbox 900 1441 1007 1510; x_wconf 68' lang='lat' dir='ltr'><strong>Appos„</strong></span> 
     </span>
    </p>
   </div>
   <div class='ocr_carea' id='block_1_4' title="bbox 131 1539 1177 1800">
    <p class='ocr_par' dir='ltr' id='par_1_4' title="bbox 131 1539 1177 1800">
     <span class='ocr_line' id='line_1_15' title="bbox 133 1539 1177 1636; baseline 0.01 -26"><span class='ocrx_word' id='word_1_121' title='bbox 133 1572 193 1630; x_wconf 82' lang='lat' dir='ltr'><strong>qno</strong></span> <span class='ocrx_word' id='word_1_122' title='bbox 216 1553 250 1610; x_wconf 89' lang='lat' dir='ltr'><strong>lu</strong></span> <span class='ocrx_word' id='word_1_123' title='bbox 268 1550 333 1610; x_wconf 88' lang='lat' dir='ltr'><strong>loco</strong></span> <span class='ocrx_word' id='word_1_124' title='bbox 352 1551 493 1624; x_wconf 87' lang='lat' dir='ltr'><strong>particula</strong></span> <span class='ocrx_word' id='word_1_125' title='bbox 515 1539 581 1634; x_wconf 72' lang='lat' dir='ltr'><strong>o&#39;lpu</strong></span> <span class='ocrx_word' id='word_1_126' title='bbox 600 1553 674 1615; x_wconf 83' lang='lat' dir='ltr'><strong>illul</strong></span> <span class='ocrx_word' id='word_1_127' title='bbox 695 1555 852 1632; x_wconf 75' lang='lat' dir='ltr'><strong>siguificat,</strong></span> <span class='ocrx_word' id='word_1_128' title='bbox 875 1557 953 1632; x_wconf 78' lang='lat' dir='ltr'><strong>qnod</strong></span> <span class='ocrx_word' id='word_1_129' title='bbox 970 1577 1011 1618; x_wconf 85' lang='lat' dir='ltr'><strong>ex</strong></span> <span class='ocrx_word' id='word_1_130' title='bbox 1029 1580 1076 1636; x_wconf 85' lang='lat' dir='ltr'><strong>eo,</strong></span> <span class='ocrx_word' id='word_1_131' title='bbox 1098 1561 1177 1634; x_wconf 82' lang='lat' dir='ltr'><strong>qnod</strong></span> 
     </span>
     <span class='ocr_line' id='line_1_16' title="bbox 131 1629 1175 1712; baseline 0.009 -18"><span class='ocrx_word' id='word_1_132' title='bbox 131 1633 291 1694; x_wconf 80' lang='lat' dir='ltr'><strong>Mineruae</strong></span> <span class='ocrx_word' id='word_1_133' title='bbox 317 1655 391 1708; x_wconf 88' lang='lat' dir='ltr'><strong>opus</strong></span> <span class='ocrx_word' id='word_1_134' title='bbox 421 1629 553 1694; x_wconf 81' lang='lat' dir='ltr'><strong>Venerio</strong></span> <span class='ocrx_word' id='word_1_135' title='bbox 582 1657 642 1698; x_wconf 90' lang='lat' dir='ltr'><strong>nou</strong></span> <span class='ocrx_word' id='word_1_136' title='bbox 673 1637 803 1712; x_wconf 87' lang='lat' dir='ltr'><strong>placeat,</strong></span> <span class='ocrx_word' id='word_1_137' title='bbox 829 1642 868 1699; x_wconf 90' lang='lat' dir='ltr'><strong>sit</strong></span> <span class='ocrx_word' id='word_1_138' title='bbox 897 1642 925 1700; x_wconf 91' lang='lat' dir='ltr'><strong>ei</strong></span> <span class='ocrx_word' id='word_1_139' title='bbox 952 1640 1024 1701; x_wconf 80' lang='lat' dir='ltr'><strong>olcus</strong></span> <span class='ocrx_word' id='word_1_140' title='bbox 1052 1663 1175 1702; x_wconf 87' lang='lat' dir='ltr'><strong>conscu-</strong></span> 
     </span>
     <span class='ocr_line' id='line_1_17' title="bbox 136 1717 1175 1800; baseline 0.01 -24"><span class='ocrx_word' id='word_1_141' title='bbox 136 1725 272 1778; x_wconf 83' lang='lat' dir='ltr'><strong>taueum:</strong></span> <span class='ocrx_word' id='word_1_142' title='bbox 292 1718 374 1777; x_wconf 90' lang='lat' dir='ltr'><strong>unllo</strong></span> <span class='ocrx_word' id='word_1_143' title='bbox 396 1726 491 1777; x_wconf 85' lang='lat' dir='ltr'><strong>eutem</strong></span> <span class='ocrx_word' id='word_1_144' title='bbox 512 1717 599 1777; x_wconf 83' lang='lat' dir='ltr'><strong>modo</strong></span> <span class='ocrx_word' id='word_1_145' title='bbox 620 1719 694 1782; x_wconf 88' lang='lat' dir='ltr'><strong>illud</strong></span> <span class='ocrx_word' id='word_1_146' title='bbox 714 1723 898 1800; x_wconf 83' lang='lat' dir='ltr'><strong>exprimitur,</strong></span> <span class='ocrx_word' id='word_1_147' title='bbox 919 1722 997 1800; x_wconf 80' lang='lat' dir='ltr'><strong>quod</strong></span> <span class='ocrx_word' id='word_1_148' title='bbox 1017 1726 1077 1785; x_wconf 90' lang='lat' dir='ltr'><strong>rolt</strong></span> <span class='ocrx_word' id='word_1_149' title='bbox 1097 1725 1175 1788; x_wconf 86' lang='lat' dir='ltr'><strong>Hor·</strong></span> 
     </span>
    </p>
   </div>
   <div class='ocr_carea' id='block_1_5' title="bbox 133 1803 1266 1889">
    <p class='ocr_par' dir='ltr' id='par_1_5' title="bbox 133 1803 1266 1889">
     <span class='ocr_line' id='line_1_18' title="bbox 133 1803 1266 1889; baseline 0.009 -28"><span class='ocrx_word' id='word_1_150' title='bbox 133 1803 270 1878; x_wconf 74' lang='lat' dir='ltr'><strong>tongins,</strong></span> <span class='ocrx_word' id='word_1_151' title='bbox 306 1803 412 1861; x_wconf 89' lang='lat' dir='ltr'><strong>mirum</strong></span> <span class='ocrx_word' id='word_1_152' title='bbox 443 1821 509 1863; x_wconf 87' lang='lat' dir='ltr'><strong>esee</strong></span> <span class='ocrx_word' id='word_1_153' title='bbox 542 1804 652 1879; x_wconf 72' lang='lat' dir='ltr'><strong>virgini</strong></span> <span class='ocrx_word' id='word_1_154' title='bbox 681 1803 797 1878; x_wconf 85' lang='lat' dir='ltr'><strong>plecere</strong></span> <span class='ocrx_word' id='word_1_155' title='bbox 828 1827 917 1882; x_wconf 88' lang='lat' dir='ltr'><strong>opero</strong></span> <span class='ocrx_word' id='word_1_156' title='bbox 947 1805 1063 1868; x_wconf 83' lang='lat' dir='ltr'><strong>Mortis.</strong></span> <span class='ocrx_word' id='word_1_157' title='bbox 1123 1808 1193 1889; x_wconf 41' lang='lat' dir='ltr'><strong>Sic,</strong></span> <span class='ocrx_word' id='word_1_158' title='bbox 1263 1863 1266 1870; x_wconf 82' lang='grc'><strong><em>,</em></strong></span> 
     </span>
    </p>
   </div>
   <div class='ocr_carea' id='block_1_6' title="bbox 128 1882 1172 2046">
    <p class='ocr_par' dir='ltr' id='par_1_6' title="bbox 128 1882 1172 2046">
     <span class='ocr_line' id='line_1_19' title="bbox 130 1882 1172 1964; baseline 0.01 -18"><span class='ocrx_word' id='word_1_159' title='bbox 130 1885 262 1960; x_wconf 76' lang='lat' dir='ltr'><strong>deniqne</strong></span> <span class='ocrx_word' id='word_1_160' title='bbox 282 1885 389 1962; x_wconf 77' lang='lat' dir='ltr'><strong>legitur</strong></span> <span class='ocrx_word' id='word_1_161' title='bbox 410 1885 487 1960; x_wconf 78' lang='lat' dir='ltr'><strong>apncl</strong></span> <span class='ocrx_word' id='word_1_162' title='bbox 507 1882 687 1964; x_wconf 77' lang='lat' dir='ltr'><strong>Sophoclem</strong></span> <span class='ocrx_word' id='word_1_163' title='bbox 706 1890 738 1948; x_wconf 90' lang='lat' dir='ltr'><strong>iu</strong></span> <span class='ocrx_word' id='word_1_164' title='bbox 758 1887 874 1952; x_wconf 87' lang='lat' dir='ltr'><strong>chorico</strong></span> <span class='ocrx_word' id='word_1_165' title='bbox 894 1895 1024 1954; x_wconf 75' lang='lat' dir='ltr'><strong>carmine</strong></span> <span class='ocrx_word' id='word_1_166' title='bbox 1040 1895 1172 1958; x_wconf 63' lang='lat' dir='ltr'><strong>molito.</strong></span> 
     </span>
     <span class='ocr_line' id='line_1_20' title="bbox 128 1967 534 2046; baseline -0.01 -12"><span class='ocrx_word' id='word_1_167' title='bbox 128 1991 160 2034; x_wconf 76' lang='lat' dir='ltr'><strong>v.</strong></span> <span class='ocrx_word' id='word_1_168' title='bbox 185 1975 249 2033; x_wconf 77' lang='lat'><strong>498</strong></span> <span class='ocrx_word' id='word_1_169' title='bbox 269 1989 338 2046; x_wconf 82' lang='lat' dir='ltr'><strong>sqq·</strong></span> <span class='ocrx_word' id='word_1_170' title='bbox 358 1967 406 2030; x_wconf 78' lang='lat' dir='ltr'><strong>erl.</strong></span> <span class='ocrx_word' id='word_1_171' title='bbox 429 1967 534 2031; x_wconf 82' lang='lat' dir='ltr'><strong>Herm.</strong></span> 
     </span>
    </p>
   </div>
   <div class='ocr_carea' id='block_1_7' title="bbox 268 2097 1039 2446">
    <p class='ocr_par' dir='ltr' id='par_1_7' title="bbox 268 2097 541 2172">
     <span class='ocr_line' id='line_1_21' title="bbox 268 2097 541 2172; baseline 0 -18"><span class='ocrx_word' id='word_1_172' title='bbox 268 2101 325 2154; x_wconf 74' lang='grc' dir='ltr'><strong>Καὶ</strong></span> <span class='ocrx_word' id='word_1_173' title='bbox 344 2099 376 2156; x_wconf 79' lang='lat' dir='ltr'><strong>uri</strong></span> <span class='ocrx_word' id='word_1_174' title='bbox 395 2097 541 2172; x_wconf 68' lang='lat' dir='ltr'><strong>plutonis</strong></span> 
     </span>
    </p>

    <p class='ocr_par' dir='ltr' id='par_1_8' title="bbox 268 2166 1039 2446">
     <span class='ocr_line' id='line_1_22' title="bbox 269 2166 1039 2292; baseline 0.004 -68"><span class='ocrx_word' id='word_1_175' title='bbox 269 2171 404 2292; x_wconf 47' lang='grc' dir='ltr'><strong>πᾳὲἔβέιὲ</strong></span> <span class='ocrx_word' id='word_1_176' title='bbox 420 2166 720 2292; x_wconf 42' lang='grc' dir='ltr'><strong>ἕῖὲυὸῗῖἂῦἰίνίδαν</strong></span> <span class='ocrx_word' id='word_1_177' title='bbox 738 2169 888 2241; x_wconf 65' lang='lat' dir='ltr'><strong>indracon,</strong></span> <span class='ocrx_word' id='word_1_178' title='bbox 908 2171 941 2232; x_wconf 83' lang='grc' dir='ltr'><strong>οὐ</strong></span> <span class='ocrx_word' id='word_1_179' title='bbox 958 2176 1039 2246; x_wconf 68' lang='grc' dir='ltr'><strong><em>λέγω,</em></strong></span> 
     </span>
     <span class='ocr_line' id='line_1_23' title="bbox 268 2257 759 2394; baseline 0.004 -34"><span class='ocrx_word' id='word_1_180' title='bbox 268 2257 653 2394; x_wconf 51' lang='lat' dir='ltr'><strong>{vqmrrtrtpuoxpustpcpu&#39;</strong></span> <span class='ocrx_word' id='word_1_181' title='bbox 664 2311 759 2376; x_wconf 80' lang='grc' dir='ltr'><strong><em>γαίας·</em></strong></span> 
     </span>
     <span class='ocr_line' id='line_1_24' title="bbox 268 2371 672 2446; baseline 0 -18"><span class='ocrx_word' id='word_1_182' title='bbox 268 2377 318 2428; x_wconf 77' lang='grc' dir='ltr'><strong>αλ).</strong></span> <span class='ocrx_word' id='word_1_183' title='bbox 343 2374 391 2428; x_wconf 71' lang='lat' dir='ltr'><strong>tut</strong></span> <span class='ocrx_word' id='word_1_184' title='bbox 410 2371 485 2427; x_wconf 66' lang='lat' dir='ltr'><strong>turcl</strong></span> <span class='ocrx_word' id='word_1_185' title='bbox 505 2373 547 2446; x_wconf 79' lang='grc' dir='ltr'><strong>αρ’</strong></span> <span class='ocrx_word' id='word_1_186' title='bbox 565 2393 672 2428; x_wconf 74' lang='lat' dir='ltr'><strong>oxorrw</strong></span> 
     </span>
    </p>
   </div>
   <div class='ocr_carea' id='block_1_8' title="bbox 267 2438 767 2515">
    <p class='ocr_par' dir='ltr' id='par_1_9' title="bbox 267 2438 767 2515">
     <span class='ocr_line' id='line_1_25' title="bbox 267 2438 767 2515; baseline 0.006 -19"><span class='ocrx_word' id='word_1_187' title='bbox 267 2445 340 2502; x_wconf 79' lang='grc' dir='ltr'><strong><em>τίνες</em></strong></span> <span class='ocrx_word' id='word_1_188' title='bbox 357 2438 498 2514; x_wconf 72' lang='grc' dir='ltr'><strong>ἀμφίγυοι</strong></span> <span class='ocrx_word' id='word_1_189' title='bbox 514 2439 568 2515; x_wconf 82' lang='grc' dir='ltr'><strong>πρὸ</strong></span> <span class='ocrx_word' id='word_1_190' title='bbox 585 2438 686 2515; x_wconf 76' lang='grc' dir='ltr'><em>γάμων</em></span> <span class='ocrx_word' id='word_1_191' title='bbox 702 2443 767 2513; x_wconf 59' lang='grc' dir='ltr'><strong>κτὰ,</strong></span> 
     </span>
    </p>
   </div>
   <div class='ocr_carea' id='block_1_9' title="bbox 127 2569 1171 2898">
    <p class='ocr_par' dir='ltr' id='par_1_10' title="bbox 127 2569 1171 2898">
     <span class='ocr_line' id='line_1_26' title="bbox 128 2569 1170 2648; baseline 0.005 -17"><span class='ocrx_word' id='word_1_192' title='bbox 128 2593 189 2648; x_wconf 75' lang='lat' dir='ltr'><strong>quo</strong></span> <span class='ocrx_word' id='word_1_193' title='bbox 217 2572 252 2632; x_wconf 85' lang='lat' dir='ltr'><strong>iu</strong></span> <span class='ocrx_word' id='word_1_194' title='bbox 277 2571 343 2632; x_wconf 93' lang='lat' dir='ltr'><strong>loco</strong></span> <span class='ocrx_word' id='word_1_195' title='bbox 370 2569 426 2630; x_wconf 92' lang='lat' dir='ltr'><strong>hoc</strong></span> <span class='ocrx_word' id='word_1_196' title='bbox 455 2569 525 2632; x_wconf 77' lang='lat' dir='ltr'><strong>dicit</strong></span> <span class='ocrx_word' id='word_1_197' title='bbox 553 2573 691 2648; x_wconf 76' lang='lat' dir='ltr'><strong>scriptore</strong></span> <span class='ocrx_word' id='word_1_198' title='bbox 722 2579 845 2634; x_wconf 75' lang='lat' dir='ltr'><strong>Deultum</strong></span> <span class='ocrx_word' id='word_1_199' title='bbox 870 2573 989 2647; x_wconf 70' lang='lat' dir='ltr'><strong>fraudes</strong></span> <span class='ocrx_word' id='word_1_200' title='bbox 1015 2594 1072 2633; x_wconf 86' lang='lat' dir='ltr'><strong>uou</strong></span> <span class='ocrx_word' id='word_1_201' title='bbox 1099 2575 1170 2646; x_wconf 84' lang='lat' dir='ltr'><strong>dico,</strong></span> 
     </span>
     <span class='ocr_line' id='line_1_27' title="bbox 128 2655 1171 2731; baseline 0.001 -16"><span class='ocrx_word' id='word_1_202' title='bbox 128 2657 179 2716; x_wconf 78' lang='lat' dir='ltr'><strong>seul</strong></span> <span class='ocrx_word' id='word_1_203' title='bbox 199 2657 239 2714; x_wconf 77' lang='lat' dir='ltr'><strong>orl</strong></span> <span class='ocrx_word' id='word_1_204' title='bbox 260 2656 335 2716; x_wconf 80' lang='lat' dir='ltr'><strong>hooc</strong></span> <span class='ocrx_word' id='word_1_205' title='bbox 355 2661 498 2731; x_wconf 62' lang='lat' dir='ltr'><strong>coniugem</strong></span> <span class='ocrx_word' id='word_1_206' title='bbox 516 2659 603 2730; x_wconf 77' lang='lat' dir='ltr'><strong>ipitur</strong></span> <span class='ocrx_word' id='word_1_207' title='bbox 623 2665 673 2714; x_wconf 84' lang='lat' dir='ltr'><strong>etc.</strong></span> <span class='ocrx_word' id='word_1_208' title='bbox 704 2659 725 2716; x_wconf 89' lang='lat' dir='ltr'><strong>i.</strong></span> <span class='ocrx_word' id='word_1_209' title='bbox 750 2677 776 2715; x_wconf 92' lang='lat' dir='ltr'><strong>e.</strong></span> <span class='ocrx_word' id='word_1_210' title='bbox 805 2657 841 2714; x_wconf 86' lang='lat' dir='ltr'><strong>do</strong></span> <span class='ocrx_word' id='word_1_211' title='bbox 865 2676 923 2730; x_wconf 86' lang='lat' dir='ltr'><strong>que</strong></span> <span class='ocrx_word' id='word_1_212' title='bbox 946 2655 992 2717; x_wconf 78' lang='lat' dir='ltr'><strong>lis</strong></span> <span class='ocrx_word' id='word_1_213' title='bbox 1015 2659 1132 2716; x_wconf 86' lang='lat' dir='ltr'><strong>omissis</strong></span> <span class='ocrx_word' id='word_1_214' title='bbox 1154 2678 1171 2716; x_wconf 89' lang='lat' dir='ltr'><strong>a</strong></span> 
     </span>
     <span class='ocr_line' id='line_1_28' title="bbox 127 2737 1171 2818; baseline 0.002 -20"><span class='ocrx_word' id='word_1_215' title='bbox 127 2759 175 2800; x_wconf 84' lang='lat' dir='ltr'><strong>une</strong></span> <span class='ocrx_word' id='word_1_216' title='bbox 203 2738 261 2798; x_wconf 79' lang='lat' dir='ltr'><strong>dici</strong></span> <span class='ocrx_word' id='word_1_217' title='bbox 289 2740 349 2798; x_wconf 83' lang='lat' dir='ltr'><strong>iuna</strong></span> <span class='ocrx_word' id='word_1_218' title='bbox 377 2745 605 2800; x_wconf 73' lang='lat' dir='ltr'><strong>cousentaneum</strong></span> <span class='ocrx_word' id='word_1_219' title='bbox 635 2745 690 2798; x_wconf 85' lang='lat' dir='ltr'><strong>eet.</strong></span> <span class='ocrx_word' id='word_1_220' title='bbox 744 2737 833 2818; x_wconf 79' lang='lat' dir='ltr'><strong>Quod</strong></span> <span class='ocrx_word' id='word_1_221' title='bbox 860 2745 958 2798; x_wconf 83' lang='lat' dir='ltr'><strong>cartam</strong></span> <span class='ocrx_word' id='word_1_222' title='bbox 987 2737 1171 2814; x_wconf 79' lang='lat' dir='ltr'><strong>Hertnugiue</strong></span> 
     </span>
     <span class='ocr_line' id='line_1_29' title="bbox 127 2811 1171 2898; baseline 0.003 -17"><span class='ocrx_word' id='word_1_223' title='bbox 127 2822 225 2882; x_wconf 80' lang='lat' dir='ltr'><strong>uulfert</strong></span> <span class='ocrx_word' id='word_1_224' title='bbox 252 2820 462 2898; x_wconf 78' lang='lat' dir='ltr'><strong>Xenophontis</strong></span> <span class='ocrx_word' id='word_1_225' title='bbox 490 2825 642 2881; x_wconf 77' lang='lat' dir='ltr'><strong>Hieronem</strong></span> <span class='ocrx_word' id='word_1_226' title='bbox 671 2843 732 2896; x_wconf 86' lang='lat' dir='ltr'><strong>cup.</strong></span> <span class='ocrx_word' id='word_1_227' title='bbox 766 2829 794 2879; x_wconf 93' lang='grc'><strong>1.</strong></span> <span class='ocrx_word' id='word_1_228' title='bbox 822 2824 851 2894; x_wconf 66' lang='grc' dir='ltr'><strong>ς.</strong></span> <span class='ocrx_word' id='word_1_229' title='bbox 881 2828 931 2880; x_wconf 99' lang='grc'><strong>13.</strong></span> <span class='ocrx_word' id='word_1_230' title='bbox 965 2814 1089 2895; x_wconf 79' lang='grc' dir='ltr'><strong><em>Εἴποις</em></strong></span> <span class='ocrx_word' id='word_1_231' title='bbox 1112 2811 1171 2886; x_wconf 78' lang='grc' dir='ltr'><strong>οὖν</strong></span> 
     </span>
    </p>
   </div>
   <div class='ocr_carea' id='block_1_10' title="bbox 126 2893 1287 3068">
    <p class='ocr_par' dir='ltr' id='par_1_11' title="bbox 126 2893 1287 3068">
     <span class='ocr_line' id='line_1_30' title="bbox 127 2893 1287 2990; baseline 0 -22"><span class='ocrx_word' id='word_1_232' title='bbox 127 2899 172 2968; x_wconf 68' lang='grc' dir='ltr'><strong>ἂν</strong></span> <span class='ocrx_word' id='word_1_233' title='bbox 197 2899 280 2982; x_wconf 80' lang='grc' dir='ltr'><em>ἴσως</em></span> <span class='ocrx_word' id='word_1_234' title='bbox 308 2900 368 2970; x_wconf 82' lang='grc' dir='ltr'><strong>σύ·</strong></span> <span class='ocrx_word' id='word_1_235' title='bbox 405 2897 492 2968; x_wconf 77' lang='grc' dir='ltr'><strong>Ἀλλ’</strong></span> <span class='ocrx_word' id='word_1_236' title='bbox 516 2893 584 2990; x_wconf 62' lang='grc' dir='ltr'><strong>ἄρα</strong></span> <span class='ocrx_word' id='word_1_237' title='bbox 607 2897 745 2988; x_wconf 76' lang='grc' dir='ltr'><em>ἔρχεται·</em></span> <span class='ocrx_word' id='word_1_238' title='bbox 758 2895 873 2980; x_wconf 75' lang='grc' dir='ltr'><em>αὐτοῖς</em></span> <span class='ocrx_word' id='word_1_239' title='bbox 893 2898 934 2967; x_wconf 81' lang='grc' dir='ltr'><strong>τὰ</strong></span> <span class='ocrx_word' id='word_1_240' title='bbox 954 2905 1094 2968; x_wconf 78' lang='grc' dir='ltr'><strong><em>τοιαῦτα</em></strong></span> <span class='ocrx_word' id='word_1_241' title='bbox 1114 2900 1172 2968; x_wconf 76' lang='grc' dir='ltr'><strong>καὶ</strong></span> <span class='ocrx_word' id='word_1_242' title='bbox 1281 2907 1287 2918; x_wconf 83' lang='grc'><strong>“</strong></span> 
     </span>
     <span class='ocr_line' id='line_1_31' title="bbox 126 2979 1285 3068; baseline -0.005 -16"><span class='ocrx_word' id='word_1_243' title='bbox 126 2979 217 3053; x_wconf 72' lang='grc' dir='ltr'><em>οἷ’κοι</em></span> <span class='ocrx_word' id='word_1_244' title='bbox 238 2985 403 3068; x_wconf 60' lang='lat' dir='ltr'><strong>plemnaeo,</strong></span> <span class='ocrx_word' id='word_1_245' title='bbox 425 2998 454 3048; x_wconf 88' lang='lat' dir='ltr'><strong>et</strong></span> <span class='ocrx_word' id='word_1_246' title='bbox 473 2985 605 3051; x_wconf 81' lang='lat' dir='ltr'><strong>Plutonis</strong></span> <span class='ocrx_word' id='word_1_247' title='bbox 626 2988 659 3046; x_wconf 81' lang='lat' dir='ltr'><strong>de</strong></span> <span class='ocrx_word' id='word_1_248' title='bbox 678 3009 710 3048; x_wconf 83' lang='lat' dir='ltr'><strong>re</strong></span> <span class='ocrx_word' id='word_1_249' title='bbox 729 2989 841 3064; x_wconf 81' lang='lat' dir='ltr'><strong>puhlica</strong></span> <span class='ocrx_word' id='word_1_250' title='bbox 862 2988 913 3049; x_wconf 84' lang='lat' dir='ltr'><strong>lib.</strong></span> <span class='ocrx_word' id='word_1_251' title='bbox 933 2986 973 3047; x_wconf 92' lang='grc' dir='ltr'><strong>ΙΙ.</strong></span> <span class='ocrx_word' id='word_1_252' title='bbox 994 3009 1026 3063; x_wconf 87' lang='lat' dir='ltr'><strong>p.</strong></span> <span class='ocrx_word' id='word_1_253' title='bbox 1044 2993 1116 3047; x_wconf 78' lang='grc'><strong>374.</strong></span> <span class='ocrx_word' id='word_1_254' title='bbox 1132 2985 1170 3048; x_wconf 87' lang='grc' dir='ltr'><strong>Β.</strong></span> <span class='ocrx_word' id='word_1_255' title='bbox 1280 3003 1285 3006; x_wconf 86' lang='grc'><em>“</em></span> 
     </span>
    </p>
   </div>
   <div class='ocr_carea' id='block_1_11' title="bbox 16 3068 1170 3733">
    <p class='ocr_par' dir='ltr' id='par_1_12' title="bbox 16 3068 1170 3733">
     <span class='ocr_line' id='line_1_32' title="bbox 126 3068 1170 3174; baseline -0.002 -42"><span class='ocrx_word' id='word_1_256' title='bbox 126 3071 176 3132; x_wconf 78' lang='lat' dir='ltr'><strong>ecl.</strong></span> <span class='ocrx_word' id='word_1_257' title='bbox 196 3069 239 3132; x_wconf 88' lang='grc' dir='ltr'><strong>Η.</strong></span> <span class='ocrx_word' id='word_1_258' title='bbox 262 3068 366 3148; x_wconf 82' lang='lat' dir='ltr'><strong>Stsph.</strong></span> <span class='ocrx_word' id='word_1_259' title='bbox 391 3071 437 3174; x_wconf 77' lang='lat' dir='ltr'><strong>[p.</strong></span> <span class='ocrx_word' id='word_1_260' title='bbox 460 3076 520 3146; x_wconf 82' lang='lat'><strong>88,</strong></span> <span class='ocrx_word' id='word_1_261' title='bbox 543 3078 593 3130; x_wconf 93' lang='grc'><strong>13.</strong></span> <span class='ocrx_word' id='word_1_262' title='bbox 616 3071 662 3130; x_wconf 86' lang='lat' dir='ltr'><strong>ed.</strong></span> <span class='ocrx_word' id='word_1_263' title='bbox 684 3069 817 3148; x_wconf 78' lang='lat' dir='ltr'><strong>Bckk.],</strong></span> <span class='ocrx_word' id='word_1_264' title='bbox 847 3069 894 3130; x_wconf 87' lang='lat' dir='ltr'><strong>hie</strong></span> <span class='ocrx_word' id='word_1_265' title='bbox 913 3075 947 3130; x_wconf 90' lang='lat' dir='ltr'><strong>in</strong></span> <span class='ocrx_word' id='word_1_266' title='bbox 966 3072 1037 3131; x_wconf 87' lang='lat' dir='ltr'><strong>locis</strong></span> <span class='ocrx_word' id='word_1_267' title='bbox 1060 3075 1086 3131; x_wconf 89' lang='lat' dir='ltr'><strong>si</strong></span> <span class='ocrx_word' id='word_1_268' title='bbox 1109 3091 1170 3130; x_wconf 90' lang='lat' dir='ltr'><strong>unu</strong></span> 
     </span>
     <span class='ocr_line' id='line_1_33' title="bbox 126 3145 1170 3240; baseline -0.002 -24"><span class='ocrx_word' id='word_1_269' title='bbox 126 3155 310 3216; x_wconf 82' lang='lat' dir='ltr'><strong>scribendum</strong></span> <span class='ocrx_word' id='word_1_270' title='bbox 332 3163 376 3216; x_wconf 87' lang='lat' dir='ltr'><strong>est</strong></span> <span class='ocrx_word' id='word_1_271' title='bbox 399 3147 469 3216; x_wconf 77' lang='grc' dir='ltr'><strong><em>αλλ’</em></strong></span> <span class='ocrx_word' id='word_1_272' title='bbox 492 3145 576 3240; x_wconf 79' lang='grc' dir='ltr'><strong><em>ἆρα,</em></strong></span> <span class='ocrx_word' id='word_1_273' title='bbox 596 3152 676 3229; x_wconf 82' lang='lat' dir='ltr'><strong>quod</strong></span> <span class='ocrx_word' id='word_1_274' title='bbox 695 3175 751 3230; x_wconf 90' lang='lat' dir='ltr'><strong>per</strong></span> <span class='ocrx_word' id='word_1_275' title='bbox 771 3175 804 3214; x_wconf 87' lang='lat' dir='ltr'><strong>se</strong></span> <span class='ocrx_word' id='word_1_276' title='bbox 826 3154 892 3214; x_wconf 86' lang='lat' dir='ltr'><strong>lieri</strong></span> <span class='ocrx_word' id='word_1_277' title='bbox 915 3161 1025 3230; x_wconf 89' lang='lat' dir='ltr'><strong>potest,</strong></span> <span class='ocrx_word' id='word_1_278' title='bbox 1048 3153 1101 3215; x_wconf 79' lang='lat' dir='ltr'><strong>uad</strong></span> <span class='ocrx_word' id='word_1_279' title='bbox 1123 3175 1170 3214; x_wconf 87' lang='lat' dir='ltr'><strong>ro·</strong></span> 
     </span>
     <span class='ocr_line' id='line_1_34' title="bbox 125 3227 1170 3322; baseline -0.003 -23"><span class='ocrx_word' id='word_1_280' title='bbox 125 3238 349 3314; x_wconf 70' lang='lat' dir='ltr'><strong>concucurrit,</strong></span> <span class='ocrx_word' id='word_1_281' title='bbox 377 3238 455 3314; x_wconf 81' lang='lat' dir='ltr'><strong>quoul</strong></span> <span class='ocrx_word' id='word_1_282' title='bbox 477 3241 509 3297; x_wconf 91' lang='lat' dir='ltr'><strong>in</strong></span> <span class='ocrx_word' id='word_1_283' title='bbox 534 3237 617 3298; x_wconf 79' lang='lat' dir='ltr'><strong>libris</strong></span> <span class='ocrx_word' id='word_1_284' title='bbox 638 3241 776 3312; x_wconf 87' lang='lat' dir='ltr'><strong>scripturn</strong></span> <span class='ocrx_word' id='word_1_285' title='bbox 798 3245 852 3314; x_wconf 87' lang='lat' dir='ltr'><strong>est,</strong></span> <span class='ocrx_word' id='word_1_286' title='bbox 876 3228 946 3299; x_wconf 73' lang='grc' dir='ltr'><strong>ἀλλ’</strong></span> <span class='ocrx_word' id='word_1_287' title='bbox 970 3227 1054 3322; x_wconf 69' lang='grc' dir='ltr'><strong>ἷὶρα,</strong></span> <span class='ocrx_word' id='word_1_288' title='bbox 1081 3240 1170 3297; x_wconf 80' lang='lat' dir='ltr'><strong>retio-</strong></span> 
     </span>
     <span class='ocr_line' id='line_1_35' title="bbox 126 3309 1170 3404; baseline -0.003 -20"><span class='ocrx_word' id='word_1_289' title='bbox 126 3325 234 3384; x_wconf 81' lang='lat' dir='ltr'><strong>oinotio</strong></span> <span class='ocrx_word' id='word_1_290' title='bbox 255 3326 321 3398; x_wconf 88' lang='lat' dir='ltr'><strong>iata,</strong></span> <span class='ocrx_word' id='word_1_291' title='bbox 343 3341 420 3398; x_wconf 82' lang='lat' dir='ltr'><strong>qnae</strong></span> <span class='ocrx_word' id='word_1_292' title='bbox 442 3323 604 3381; x_wconf 83' lang='lat' dir='ltr'><strong>continetur</strong></span> <span class='ocrx_word' id='word_1_293' title='bbox 624 3321 765 3396; x_wconf 86' lang='lat' dir='ltr'><strong>particula</strong></span> <span class='ocrx_word' id='word_1_294' title='bbox 786 3309 864 3404; x_wconf 71' lang='grc' dir='ltr'><strong>ἷῖρα,</strong></span> <span class='ocrx_word' id='word_1_295' title='bbox 887 3318 975 3380; x_wconf 83' lang='lat' dir='ltr'><strong>lecile</strong></span> <span class='ocrx_word' id='word_1_296' title='bbox 993 3324 1170 3397; x_wconf 75' lang='lat' dir='ltr'><strong>agnoscitur.</strong></span> 
     </span>
     <span class='ocr_line' id='line_1_36' title="bbox 125 3402 1170 3482; baseline 0 -16"><span class='ocrx_word' id='word_1_297' title='bbox 125 3405 206 3466; x_wconf 83' lang='lat' dir='ltr'><strong>Noun</strong></span> <span class='ocrx_word' id='word_1_298' title='bbox 227 3409 327 3482; x_wconf 85' lang='lat' dir='ltr'><strong>priore</strong></span> <span class='ocrx_word' id='word_1_299' title='bbox 345 3406 409 3465; x_wconf 90' lang='lat' dir='ltr'><strong>loco</strong></span> <span class='ocrx_word' id='word_1_300' title='bbox 428 3412 584 3481; x_wconf 86' lang='lat' dir='ltr'><strong>postquam</strong></span> <span class='ocrx_word' id='word_1_301' title='bbox 598 3402 693 3465; x_wconf 87' lang='lat' dir='ltr'><strong>Hiero</strong></span> <span class='ocrx_word' id='word_1_302' title='bbox 712 3410 881 3481; x_wconf 77' lang='lat' dir='ltr'><strong>negaverat,</strong></span> <span class='ocrx_word' id='word_1_303' title='bbox 902 3424 990 3479; x_wconf 89' lang='lat' dir='ltr'><strong>posse</strong></span> <span class='ocrx_word' id='word_1_304' title='bbox 1011 3415 1170 3481; x_wconf 68' lang='lat' dir='ltr'><strong>tyranuum</strong></span> 
     </span>
     <span class='ocr_line' id='line_1_37' title="bbox 16 3483 1167 3566; baseline 0 -16"><span class='ocrx_word' id='word_1_305' title='bbox 16 3483 24 3498; x_wconf 80' lang='grc'><strong><em>’</em></strong></span> <span class='ocrx_word' id='word_1_306' title='bbox 124 3489 165 3550; x_wconf 81' lang='lat' dir='ltr'><strong>erl</strong></span> <span class='ocrx_word' id='word_1_307' title='bbox 220 3491 343 3551; x_wconf 64' lang='lat' dir='ltr'><strong>emacula</strong></span> <span class='ocrx_word' id='word_1_308' title='bbox 363 3491 429 3564; x_wconf 84' lang='lat' dir='ltr'><strong>ipsa</strong></span> <span class='ocrx_word' id='word_1_309' title='bbox 449 3489 605 3566; x_wconf 86' lang='lat' dir='ltr'><strong>proficisci,</strong></span> <span class='ocrx_word' id='word_1_310' title='bbox 626 3489 749 3549; x_wconf 83' lang='lat' dir='ltr'><strong>ultorum</strong></span> <span class='ocrx_word' id='word_1_311' title='bbox 769 3490 827 3549; x_wconf 86' lang='lat' dir='ltr'><strong>sibi</strong></span> <span class='ocrx_word' id='word_1_312' title='bbox 843 3487 913 3549; x_wconf 78' lang='lat' dir='ltr'><strong>lecit</strong></span> <span class='ocrx_word' id='word_1_313' title='bbox 928 3488 1167 3566; x_wconf 78' lang='lat' dir='ltr'><strong>respondentem:</strong></span> 
     </span>
     <span class='ocr_line' id='line_1_38' title="bbox 117 3563 1169 3658; baseline -0.001 -21"><span class='ocrx_word' id='word_1_314' title='bbox 117 3565 163 3638; x_wconf 61' lang='lat' dir='ltr'><strong>{A</strong></span> <span class='ocrx_word' id='word_1_315' title='bbox 235 3563 258 3635; x_wconf 79' lang='lat' dir='ltr'><strong>c&#39;r&#39;</strong></span> <span class='ocrx_word' id='word_1_316' title='bbox 281 3595 304 3636; x_wconf 89' lang='grc' dir='ltr'><strong><em>α</em></strong></span> <span class='ocrx_word' id='word_1_317' title='bbox 326 3565 455 3658; x_wconf 70' lang='grc' dir='ltr'><strong><em>ἔρχεται</em></strong></span> <span class='ocrx_word' id='word_1_318' title='bbox 478 3565 593 3647; x_wconf 78' lang='grc' dir='ltr'><strong><em>αὐτοῖς</em></strong></span> <span class='ocrx_word' id='word_1_319' title='bbox 612 3569 655 3634; x_wconf 82' lang='grc' dir='ltr'><strong>τὰ</strong></span> <span class='ocrx_word' id='word_1_320' title='bbox 669 3571 808 3636; x_wconf 70' lang='grc' dir='ltr'><strong><em>τοιαῦτα</em></strong></span> <span class='ocrx_word' id='word_1_321' title='bbox 826 3567 883 3636; x_wconf 81' lang='grc' dir='ltr'><strong>καὶ</strong></span> <span class='ocrx_word' id='word_1_322' title='bbox 901 3564 990 3636; x_wconf 63' lang='lat' dir='ltr'><strong>citor</strong></span> <span class='ocrx_word' id='word_1_323' title='bbox 1007 3567 1169 3644; x_wconf 77' lang='grc' dir='ltr'><strong><em>μένουσιν,</em></strong></span> 
     </span>
     <span class='ocr_line' id='line_1_39' title="bbox 122 3656 1169 3733; baseline -0.003 -14"><span class='ocrx_word' id='word_1_324' title='bbox 122 3659 190 3720; x_wconf 71' lang='lat' dir='ltr'><strong>he.</strong></span> <span class='ocrx_word' id='word_1_325' title='bbox 290 3656 373 3716; x_wconf 78' lang='lat' dir='ltr'><strong>robus</strong></span> <span class='ocrx_word' id='word_1_326' title='bbox 392 3661 436 3715; x_wconf 79' lang='lat' dir='ltr'><strong>itu</strong></span> <span class='ocrx_word' id='word_1_327' title='bbox 457 3661 639 3733; x_wconf 65' lang='lat' dir='ltr'><strong>corporolia,</strong></span> <span class='ocrx_word' id='word_1_328' title='bbox 659 3676 766 3732; x_wconf 86' lang='lat' dir='ltr'><strong>nempe</strong></span> <span class='ocrx_word' id='word_1_329' title='bbox 789 3663 820 3714; x_wconf 93' lang='lat' dir='ltr'><strong>ut</strong></span> <span class='ocrx_word' id='word_1_330' title='bbox 841 3677 901 3715; x_wconf 90' lang='lat' dir='ltr'><strong>non</strong></span> <span class='ocrx_word' id='word_1_331' title='bbox 920 3658 1036 3732; x_wconf 89' lang='lat' dir='ltr'><strong>posaiut</strong></span> <span class='ocrx_word' id='word_1_332' title='bbox 1050 3656 1169 3732; x_wconf 84' lang='lat' dir='ltr'><strong>tyranni</strong></span> 
     </span>
    </p>
   </div>
   <div class='ocr_carea' id='block_1_12' title="bbox 121 3737 1282 3819">
    <p class='ocr_par' dir='ltr' id='par_1_13' title="bbox 121 3737 1282 3819">
     <span class='ocr_line' id='line_1_40' title="bbox 121 3737 1282 3819; baseline -0.003 -18"><span class='ocrx_word' id='word_1_333' title='bbox 121 3741 274 3819; x_wconf 77' lang='lat' dir='ltr'><strong>proficisci</strong></span> <span class='ocrx_word' id='word_1_334' title='bbox 305 3738 342 3799; x_wconf 80' lang='lat' dir='ltr'><strong>ul</strong></span> <span class='ocrx_word' id='word_1_335' title='bbox 369 3759 417 3800; x_wconf 85' lang='lat' dir='ltr'><strong>ree</strong></span> <span class='ocrx_word' id='word_1_336' title='bbox 447 3737 638 3815; x_wconf 76' lang='lat' dir='ltr'><strong>spectandas,</strong></span> <span class='ocrx_word' id='word_1_337' title='bbox 667 3739 835 3815; x_wconf 72' lang='lat' dir='ltr'><strong>urlt&#39;eruutur·</strong></span> <span class='ocrx_word' id='word_1_338' title='bbox 863 3740 923 3799; x_wconf 70' lang='lat' dir='ltr'><strong>tuta</strong></span> <span class='ocrx_word' id='word_1_339' title='bbox 949 3740 1023 3798; x_wconf 81' lang='lat' dir='ltr'><strong>tolio</strong></span> <span class='ocrx_word' id='word_1_340' title='bbox 1044 3748 1071 3796; x_wconf 85' lang='lat' dir='ltr'><strong>et</strong></span> <span class='ocrx_word' id='word_1_341' title='bbox 1093 3737 1170 3797; x_wconf 72' lang='lat' dir='ltr'><strong>(locui</strong></span> <span class='ocrx_word' id='word_1_342' title='bbox 1279 3772 1282 3780; x_wconf 94' lang='lat'>·</span> 
     </span>
    </p>
   </div>
   <div class='ocr_carea' id='block_1_13' title="bbox 121 3813 1171 4152">
    <p class='ocr_par' dir='ltr' id='par_1_14' title="bbox 121 3813 1171 4152">
     <span class='ocr_line' id='line_1_41' title="bbox 122 3813 1169 3904; baseline -0.004 -19"><span class='ocrx_word' id='word_1_343' title='bbox 122 3833 252 3895; x_wconf 78' lang='lat' dir='ltr'><strong>osorem,</strong></span> <span class='ocrx_word' id='word_1_344' title='bbox 275 3820 408 3882; x_wconf 84' lang='lat' dir='ltr'><strong>Platonis</strong></span> <span class='ocrx_word' id='word_1_345' title='bbox 429 3832 524 3883; x_wconf 86' lang='lat' dir='ltr'><strong>sutem</strong></span> <span class='ocrx_word' id='word_1_346' title='bbox 541 3823 648 3901; x_wconf 87' lang='lat' dir='ltr'><strong>locum,</strong></span> <span class='ocrx_word' id='word_1_347' title='bbox 669 3827 694 3883; x_wconf 86' lang='lat' dir='ltr'><strong>ei</strong></span> <span class='ocrx_word' id='word_1_348' title='bbox 714 3813 780 3904; x_wconf 71' lang='lat' dir='ltr'><strong>luipo</strong></span> <span class='ocrx_word' id='word_1_349' title='bbox 798 3819 973 3890; x_wconf 78' lang='lat' dir='ltr'><strong>servendum</strong></span> <span class='ocrx_word' id='word_1_350' title='bbox 988 3829 1074 3895; x_wconf 86' lang='lat' dir='ltr'><strong>esset,</strong></span> <span class='ocrx_word' id='word_1_351' title='bbox 1092 3829 1169 3882; x_wconf 89' lang='lat' dir='ltr'><strong>recte</strong></span> 
     </span>
     <span class='ocr_line' id='line_1_42' title="bbox 121 3903 1169 3982; baseline -0.002 -14"><span class='ocrx_word' id='word_1_352' title='bbox 121 3909 185 3970; x_wconf 82' lang='lat' dir='ltr'><strong>iau</strong></span> <span class='ocrx_word' id='word_1_353' title='bbox 207 3905 241 3967; x_wconf 83' lang='lat' dir='ltr'><strong>G.</strong></span> <span class='ocrx_word' id='word_1_354' title='bbox 264 3905 303 3966; x_wconf 85' lang='grc' dir='ltr'><strong>Ε.</strong></span> <span class='ocrx_word' id='word_1_355' title='bbox 326 3903 361 3967; x_wconf 77' lang='lat' dir='ltr'><strong>(l.</strong></span> <span class='ocrx_word' id='word_1_356' title='bbox 383 3903 579 3967; x_wconf 80' lang='lat' dir='ltr'><strong>Schneiderns</strong></span> <span class='ocrx_word' id='word_1_357' title='bbox 601 3929 634 3982; x_wconf 87' lang='lat' dir='ltr'><strong>p.</strong></span> <span class='ocrx_word' id='word_1_358' title='bbox 658 3911 727 3965; x_wconf 83' lang='lat'>171.</span> <span class='ocrx_word' id='word_1_359' title='bbox 750 3909 798 3980; x_wconf 79' lang='lat' dir='ltr'><strong>ito</strong></span> <span class='ocrx_word' id='word_1_360' title='bbox 814 3908 1020 3977; x_wconf 82' lang='lat' dir='ltr'><strong>interpretetus</strong></span> <span class='ocrx_word' id='word_1_361' title='bbox 1035 3911 1099 3963; x_wconf 83' lang='lat' dir='ltr'><strong>est:</strong></span> <span class='ocrx_word' id='word_1_362' title='bbox 1130 3907 1169 3966; x_wconf 79' lang='lat' dir='ltr'><strong>Ar</strong></span> 
     </span>
     <span class='ocr_line' id='line_1_43' title="bbox 121 3986 1171 4066; baseline -0.006 -14"><span class='ocrx_word' id='word_1_363' title='bbox 121 3995 262 4052; x_wconf 72' lang='lat' dir='ltr'><strong>uiuorum</strong></span> <span class='ocrx_word' id='word_1_364' title='bbox 291 3993 409 4066; x_wconf 82' lang='lat' dir='ltr'><strong>(poesie</strong></span> <span class='ocrx_word' id='word_1_365' title='bbox 436 3994 524 4050; x_wconf 90' lang='lat' dir='ltr'><strong>etiam</strong></span> <span class='ocrx_word' id='word_1_366' title='bbox 549 3994 636 4066; x_wconf 75' lang='lat' dir='ltr'><strong>ipitur</strong></span> <span class='ocrx_word' id='word_1_367' title='bbox 663 3989 774 4062; x_wconf 79' lang='lat' dir='ltr'><strong>dicere,</strong></span> <span class='ocrx_word' id='word_1_368' title='bbox 800 3986 854 4048; x_wconf 79' lang='lat' dir='ltr'><strong>recl</strong></span> <span class='ocrx_word' id='word_1_369' title='bbox 874 3987 1017 4062; x_wconf 86' lang='lat' dir='ltr'><strong>particule</strong></span> <span class='ocrx_word' id='word_1_370' title='bbox 1037 3991 1171 4048; x_wconf 82' lang='lat' dir='ltr'><strong>oiorirrorc</strong></span> 
     </span>
     <span class='ocr_line' id='line_1_44' title="bbox 121 4071 1169 4152; baseline -0.007 -16"><span class='ocrx_word' id='word_1_371' title='bbox 121 4075 214 4136; x_wconf 89' lang='lat' dir='ltr'><strong>etiam</strong></span> <span class='ocrx_word' id='word_1_372' title='bbox 244 4081 355 4152; x_wconf 86' lang='lat' dir='ltr'><strong>spectet</strong></span> <span class='ocrx_word' id='word_1_373' title='bbox 381 4073 419 4134; x_wconf 87' lang='lat' dir='ltr'><strong>ed</strong></span> <span class='ocrx_word' id='word_1_374' title='bbox 444 4095 495 4152; x_wconf 87' lang='lat' dir='ltr'><strong>ee,</strong></span> <span class='ocrx_word' id='word_1_375' title='bbox 525 4092 601 4149; x_wconf 85' lang='lat' dir='ltr'><strong>quae</strong></span> <span class='ocrx_word' id='word_1_376' title='bbox 627 4081 695 4133; x_wconf 87' lang='lat' dir='ltr'><strong>unte</strong></span> <span class='ocrx_word' id='word_1_377' title='bbox 721 4079 782 4131; x_wconf 81' lang='lat' dir='ltr'><strong>actu</strong></span> <span class='ocrx_word' id='word_1_378' title='bbox 804 4073 908 4148; x_wconf 76' lang='lat' dir='ltr'><strong>nunt)</strong></span> <span class='ocrx_word' id='word_1_379' title='bbox 935 4089 981 4134; x_wconf 78' lang='lat' dir='ltr'><strong>ree</strong></span> <span class='ocrx_word' id='word_1_380' title='bbox 1009 4077 1051 4134; x_wconf 83' lang='lat' dir='ltr'><strong>ito</strong></span> <span class='ocrx_word' id='word_1_381' title='bbox 1078 4071 1169 4140; x_wconf 66' lang='lat' dir='ltr'><strong>lohet</strong></span> 
     </span>
    </p>
   </div>
   <div class='ocr_carea' id='block_1_14' title="bbox 0 0 1492 4588">
    <p class='ocr_par' dir='ltr' id='par_1_15' title="bbox 0 0 1492 4588">
     <span class='ocr_line' id='line_1_45' title="bbox 0 0 1492 4588; baseline 0 6"><span class='ocrx_word' id='word_1_382' title='bbox 0 0 1492 4588; x_wconf 95' lang='lat' dir='ltr'><strong> </strong></span> 
     </span>
    </p>
   </div>
  </div>
 </body>
</html>
