3012 4580
198 303 238 324 „
320 241 391 310 w
816 242 938 312 tt..

273 421 281 440 '
321 413 355 474 is
384 407 433 474 lis
461 429 578 490 quoquc
605 411 677 476 locis
705 431 766 476 non
796 415 860 476 sine
890 416 972 492 graui
999 416 1122 492 qualem
1147 417 1368 484 adseveratione

322 494 434 573 eliqsisl
455 499 577 572 opponit
589 498 847 576 antecedentibus,
864 510 895 558 nt
916 503 958 562 its
979 508 1090 561 tantum
1110 501 1143 562 lsi
1156 504 1214 566 loci
1227 505 1367 568 differant

321 583 360 643 ss
379 582 428 656 iis,
447 599 523 655 quos
542 583 603 642 iem
622 585 818 659 necavimus,
838 582 917 659 quod
930 587 1012 659 quasi
1025 588 1166 649 cretionis
1181 589 1366 652 anacolntlsis

320 670 371 726 aut
390 665 530 740 ebesptus
549 664 669 741 quidem
688 685 794 744 serum,
813 667 891 742 quot
910 686 1006 743 genus
1026 669 1185 731 dissolutae
1205 676 1290 748 qenai
1300 695 1366 734 ora·

321 747 413 810 tienis
436 745 543 810 Graeci
570 752 762 826 oppositionis
788 753 988 812 emantissumi
1011 773 1071 814 nos
1093 757 1179 816 vertit
1200 767 1269 818 suut
1288 779 1366 818 com·

320 835 455 908 mittere,
479 834 506 892 si
533 833 605 908 quid
631 834 731 910 paullo
751 835 872 913 grauius
894 835 1065 898 adseverare
1086 838 1215 912 vellent,
1246 843 1279 900 in
1304 863 1366 902 ons-

320 917 408 976 ssilus
433 915 482 977 lsis
509 917 582 978 locis
608 921 778 993 conspicuus
806 929 861 978 est.
903 915 949 979 lte
971 921 1050 980 anim
1072 921 1150 982 malo
1173 921 1251 982 lieno
1276 928 1367 1000 pasti·

320 1000 405 1060 culae
428 996 467 1065 δὲ
485 1021 570 1060 nsum
591 1002 741 1079 explices-e
760 1023 825 1062 cum
848 999 886 1062 G.
907 999 1097 1082 Hermanno,
1118 1025 1205 1080 quem
1226 1010 1306 1068 coni.
1329 1007 1367 1068 ad

320 1080 477 1160 Sophoclis
497 1085 680 1144 moenem
699 1107 730 1162 p.
753 1089 794 1144 22
816 1106 873 1162 sq„
893 1092 980 1162 qnam
1001 1085 1081 1147 Phil.
1104 1085 1274 1152 Buttmanni
1296 1096 1367 1152 arti·

320 1168 424 1230 iiciosa
449 1167 502 1228 ills
531 1167 728 1244 explicatione
755 1169 816 1244 nti,
846 1171 897 1245 qui
921 1190 961 1230 ex
983 1174 1123 1248 oppositis
1145 1175 1223 1234 inter
1238 1191 1274 1234 se
1298 1195 1367 1250 per·

321 1255 417 1315 ticulis
435 1247 496 1330 μὲν
509 1283 553 1299 ·-
569 1248 607 1316 δὲ
626 1251 682 1314 hoc
700 1252 815 1312 dicendi
835 1273 929 1330 genus
949 1254 1141 1316 derivandum
1161 1277 1227 1318 esse
1241 1260 1366 1334 putavit.

405 1335 464 1398 His
492 1337 526 1395 in
550 1336 623 1396 locis
651 1339 677 1396 si
703 1336 775 1396 olim
802 1335 921 1412 quidem
949 1342 1128 1413 grammatici
1149 1340 1307 1402 docueruut
1328 1337 1368 1406 δὲ

266 1460 270 1472 ·
321 1443 389 1486 esse
406 1421 537 1499 positum
557 1439 611 1496 pro
634 1413 693 1503 δή,
717 1419 795 1496 quod
815 1423 880 1496 ipse
901 1419 1047 1482 Danaeius
1071 1423 1147 1482 dixit
1167 1445 1198 1500 p.
1220 1428 1287 1503 59„
1310 1423 1367 1485 lnoc

320 1508 378 1570 sibi
407 1504 542 1566 silentur
572 1503 718 1580 soluisse,
748 1506 923 1564 nouaclum
947 1509 1141 1582 oppositionis
1160 1511 1238 1586 uim,
1263 1528 1367 1571 vesum

319 1595 409 1654 etiam
428 1589 658 1651 adsentationis
676 1587 786 1650 habere
806 1591 838 1648 iu
858 1587 993 1650 nielson
1008 1589 1240 1666 perticulamcle‘.
1277 1591 1366 1674 Quod

319 1694 423 1738 verum
450 1683 503 1734 est.
544 1669 648 1748 ltaque
674 1673 721 1732 illi
748 1681 826 1733 recta
855 1676 941 1734 etiem
964 1686 1205 1750 compescuerunt
1226 1673 1367 1736 Latinam

213 1751 215 1754 ¹
319 1757 490 1835 particulam
509 1775 586 1833 aare,
607 1777 684 1832 quae
704 1760 824 1832 saepius
844 1758 909 1832 ipsa
927 1777 1044 1834 quoqne
1064 1757 1203 1834 apodosin
1225 1781 1291 1820 cnm
1310 1759 1367 1820 sli-

308 1847 381 1920 'qua
405 1840 623 1902 adseveratione
645 1842 768 1914 opponit
787 1841 948 1915 praemisso
973 1844 1111 1903 orationis
1133 1844 1281 1926 nsesnlsns.¹

405 1921 453 1985 Ac
475 1925 602 2000 primum
625 1922 761 1999 quidem,
792 1923 869 1999 qnod
897 1933 941 1984 est
964 1927 1048 1999 qnasi
1068 1927 1159 1986 imum
1182 1926 1272 1988 liuius
1296 1946 1366 1988 usus

320 2008 560 2082 fundamentum,
587 2008 620 2066 in
649 2009 730 2065 omni
760 2009 909 2084 oratione,
936 2009 987 2068 nbi
1014 2029 1047 2069 re
1074 2009 1201 2085 quedam
1224 2019 1274 2070 eut
1295 2029 1366 2072 vere

320 2096 417 2171 posita
446 2099 496 2152 aut
522 2091 564 2149 ite
585 2091 687 2151 saltem
710 2089 890 2166 significate,
919 2100 952 2150 nt
973 2093 1107 2170 intellegi
1128 2114 1164 2154 ee
1184 2096 1291 2170 possit,
1320 2096 1366 2154 in·

320 2179 417 2239 fertus
438 2195 517 2235 nove
535 2194 593 2252 res,
611 2171 692 2251 lnaac,
715 2177 802 2234 etism
824 2177 851 2235 si
872 2183 931 2234 tota
949 2179 1042 2237 oratio
1061 2179 1103 2236 ite
1117 2179 1295 2238 conformata
1309 2187 1366 2254 est,

321 2269 355 2321 ut
382 2281 437 2336 per
464 2279 496 2319 se
518 2279 579 2317 non
600 2261 832 2334 oppositionem,
859 2259 910 2319 sad
931 2259 1019 2319 eliam
1039 2263 1205 2336 quampiam
1226 2263 1365 2322 amnonis

321 2344 535 2405 conclusionem
556 2350 726 2417 exspectes,
750 2362 806 2417 par
826 2337 864 2404 δὲ
887 2343 1058 2418 perticulam
1079 2346 1221 2422 intortus,
1243 2355 1293 2420 ut,
1313 2364 1366 2404 ne·

321 2427 416 2506 glecta
438 2425 552 2501 relique
575 2425 716 2485 orationis
739 2428 964 2501 constipatione,
984 2430 1131 2504 oppositio
1152 2431 1248 2504 magis
1270 2435 1366 2490 exstet

321 2517 353 2572 et
382 2509 431 2586 it,
461 2507 539 2585 quod
567 2529 622 2583 per
649 2510 860 2584 oppositionem
887 2511 1025 2569 inlectus.
1068 2509 1137 2570 Non
1160 2533 1248 2587 posse
1270 2523 1366 2572 autem

320 2593 441 2656 italici
462 2595 522 2653 nisi
541 2593 595 2668 ibi,
617 2594 666 2651 nbi
686 2595 772 2652 etiam
793 2594 858 2668 ipsa
877 2597 1021 2653 sententie
1043 2595 1130 2654 talam
1152 2597 1366 2672 oppositionem

320 2678 397 2740 lessi
418 2687 468 2737 eut
490 2677 577 2736 etism
597 2679 737 2752 requiret,
759 2678 812 2736 vix
834 2683 881 2737 est
904 2677 983 2752 quod
1003 2690 1237 2762 commemorem.

383 2758 449 2822 ‘lta
478 2760 585 2822 lactum
614 2769 673 2836 est,
699 2769 732 2818 ut
758 2780 821 2821 uon
842 2759 939 2821 solum
958 2763 1017 2836 ibi,
1046 2763 1098 2820 nisi
1119 2781 1160 2822 ex
1180 2765 1365 2839 omniqsssi

321 2865 419 2907 serum
440 2846 554 2903 actione
574 2853 708 2917 apparet,
730 2856 818 2916 qnam
838 2841 1012 2902 admodum
1033 2845 1147 2920 singule
1168 2847 1247 2908 iuter
1265 2867 1297 2906 se
1314 2867 1366 2922 op·

321 2936 477 3004 possetne,
499 2945 558 3000 qua
579 2925 615 2984 sle
635 2945 667 2984 re
687 2945 773 2999 supra
794 2925 972 3000 explicatum
993 2937 1037 2987 ast
1058 2951 1088 3004 p.
1103 2933 1165 2988 367
1186 2951 1243 3006 sep,
1265 2947 1366 2990 serum

322 3011 411 3071 etism
439 3011 473 3068 iu
501 3009 540 3068 iis
571 3007 658 3082 locis,
690 3009 740 3068 ubi
768 3010 801 3068 in
822 3011 910 3070 nnius
931 3009 1061 3072 hominis
1086 3015 1217 3072 oratione
1236 3014 1306 3074 setis
1327 3009 1365 3072 ‹le

321 3094 422 3170 alique
447 3113 479 3152 re
507 3090 701 3169 significatum
728 3099 791 3167 est,
820 3113 876 3169 per
904 3093 1049 3169 quendam
1074 3098 1216 3157 nemesis
1243 3085 1365 3158 ἄκακο-

321 3169 465 3241 invetas
485 3176 629 3236 inferetur
650 3171 687 3238 te*
708 3176 865 3253 particule,
892 3188 923 3237 et
941 3197 1080 3238 maxume
1101 3179 1221 3254 quidem
1242 3180 1276 3238 in
1297 3197 1366 3254 pro-

320 3262 490 3320 nominibus
506 3255 556 3320 sut
576 3259 717 3319 similibus
734 3262 864 3335 vocibus,
886 3279 962 3334 quse
982 3261 1096 3322 facilem
1112 3266 1145 3322 in
1155 3261 1281 3340 singulis
1294 3263 1366 3322 locis

322 3345 537 3418 oppositionem
563 3345 717 3418 recipient.
759 3341 810 3404 Sic
833 3345 924 3418 igitur
943 3353 1011 3420 post
1031 3347 1187 3422 particulas
1210 3339 1256 3418 cl,
1278 3339 1366 3419 ἐπεί,

321 3415 364 3510 ἢν
385 3435 415 3484 at
437 3445 511 3501 quae
533 3435 602 3487 sunt
618 3427 730 3504 similes
747 3427 917 3504 particulae,
942 3449 1172 3505 saepenumero
1191 3433 1225 3490 iu
1246 3428 1365 3506 aposloei

322 3510 418 3586 posita
442 3515 488 3568 est
506 3504 544 3572 ii
567 3509 718 3584 particule,
737 3521 770 3569 ut
790 3510 832 3587 id,
855 3512 934 3588 quod
954 3513 1106 3586 inferetur,
1125 3516 1219 3590 magis
1236 3533 1290 3589 pes·
1313 3533 1366 3585 op·

323 3593 498 3670 positionem
516 3600 621 3652 exstet.
663 3589 711 3652 Gi.
731 3591 943 3670 Xenophontis
954 3595 1169 3672 &saltum
1181 3597 1311 3678 contib.
1322 3590 1365 3661 V.

187 3693 307 3754 μη.
323 3699 385 3754 cap.
410 3683 440 3738 6.
464 3679 493 3750 ς.
517 3681 570 3736 20.
601 3668 644 3738 Εἰ
670 3672 707 3741 δὲ
732 3671 900 3750 βούλεσθε
927 3677 987 3762 τῆς
1013 3669 1122 3763 κύκλῳ
1148 3672 1261 3762 χώρας
1287 3673 1377 3760 περὶ.

322 3759 381 3827 τὸν
407 3757 538 3861 Ilignea
565 3751 760 3864 ρῖκρυμέκης
789 3754 999 3840 ἐκλεξάμενοι
1028 3755 1099 3848 ὅπῃ
1124 3753 1169 3865 ἓν
1183 3755 1367 3907 divulgo-is

226 3929 237 3944 Ι
324 3865 498 3938 κακᾳσχεικ
518 3865 575 3907 και
595 3865 651 3907 τον
667 3865 740 3947 1¹⁶⁷„
753 3833 1082 3989 ffliff’ssw’d‘lffi‘lt‘
1104 3865 1182 3945 osec
1204 3865 1229 3917 ε,
1251 3865 1309 3946 cog
1329 3839 1367 3988 «ze

322 3921 1158 4094 iiitit‘stiitttf’ittetqtttmittit?
1180 3945 1367 4084 ‘iiiiii

323 4109 385 4153 sos
403 4089 510 4154 πλοῖα
531 4091 684 4165 itaqueee
699 4089 826 4152 inierim
837 4111 892 4167 per
902 4087 941 4156 di
954 4091 1135 4168 perticulam
1177 4090 1368 4169 saepissume
1405 4129 1408 4137 ·
